2588 4046
177 242 276 330 IL]
894 283 922 306 ,
989 239 1204 294 LIBER
1239 240 1281 295 1.
1991 237 2111 303 189

176 402 466 467 Vixisset
507 400 682 465 canis
724 400 1067 464 inmundus
1109 401 1212 465 vel
1253 401 1458 466 amica
1499 403 1633 467 luto
1676 425 1803 469 sus.

176 486 320 552 Nos
361 506 663 549 numerus
707 506 925 548 sumus
967 486 1034 548 et
1074 484 1292 570 fruges
1337 506 1706 551 consumere
1747 489 1917 571 nati,

180 569 419 653 Sponsi
458 568 698 633 Penelo
745 590 820 633 ae
893 568 1245 633 nebulones
1321 570 1703 654 Alcinoique
1912 633 1915 636 ,

177 652 261 717 In
305 656 450 717 cute
493 673 690 717 curan
734 674 774 716 a
813 652 959 736 plus
1003 673 1205 735 aequo
1250 674 1289 716 o
1338 656 1514 717 erata
1553 654 1875 738 iuventus,

180 736 305 802 Oui
346 736 684 820 pulchrum
725 736 849 800 fuit
890 736 962 799 in
1002 736 1245 800 medios
1334 738 1565 801 ormire
1607 738 1743 802 dies
1787 742 1852 802 et
2039 753 2107 804 30

176 820 286 884 Ad
329 824 458 884 stre
503 820 666 883 itum
707 819 985 884 citharae
1010 822 1366 885 cessantem
1409 820 1635 885 ducere
1665 842 1977 887 somnum.

176 903 272 968 Vt
300 904 366 967 iu
482 906 593 967 ent
633 903 984 986 hominem,
1030 906 1303 988 surgunt
1331 904 1408 968 de
1434 907 1624 968 nocte
1666 906 1977 971 latrones:

176 986 272 1051 Vt
312 990 378 1051 te
419 988 632 1070 ipsum
675 1008 885 1051 serves
895 1036 914 1070 ,
958 1008 1092 1050 non
1135 988 1633 1071 expergisceris?
1710 989 1909 1073 Atqui

179 1070 252 1135 Si
294 1071 475 1135 noles
521 1092 711 1134 sanus
721 1120 741 1154 ‚
787 1092 999 1134 curres
1041 1069 1456 1155 hydropicus;
1504 1074 1568 1134 et
1607 1072 1677 1135 ni

176 1155 415 1219 Posces
459 1156 607 1218 ante
650 1153 818 1218 diem
859 1154 1093 1217 librum
1136 1175 1280 1217 cum
1324 1154 1594 1238 lumine,
1640 1156 1696 1218 si
1736 1177 1869 1220 non
2036 1170 2104 1221 35

175 1238 482 1303 Intendes
527 1238 809 1302 animum
853 1237 1077 1301 studiis
1121 1240 1186 1301 et
1226 1237 1414 1302 rebus
1457 1237 1771 1322 honestis,

175 1322 431 1387 Invidia
471 1322 574 1386 vel
616 1343 830 1385 amore
872 1322 1031 1405 vigil
1071 1321 1466 1404 torquebere.
1544 1322 1715 1388 Nam
1761 1321 1923 1407 curs

178 1406 356 1481 Quae
400 1404 662 1469 laedunt
704 1406 988 1488 oculum,
1032 1404 1296 1469 festinas
1341 1404 1620 1491 demere3
1667 1407 1876 1490 siquid

175 1489 301 1554 Est
343 1490 656 1572 animum,
701 1489 917 1553 differs
961 1488 1223 1553 curandi
1263 1492 1517 1572 tempus
1561 1490 1631 1554 in
1673 1492 1954 1555 annum?

174 1572 534 1637 Dimidium
574 1573 757 1656 facti,
803 1573 911 1655 qui
956 1572 1195 1655 coepit,
1238 1572 1459 1637 habet:
1508 1595 1728 1657 sapere
1773 1575 1958 1660 aude3
2034 1589 2103 1639 40

174 1657 419 1740 Incipe.
508 1656 631 1732 Qui
672 1658 841 1720 recte
885 1656 1139 1720 vivendi
1180 1659 1488 1741 prorogat
1529 1657 1755 1722 horam
1762 1674 1800 1742 ,τ

174 1741 479 1805 Rusticus
523 1743 870 1824 exspectat,
916 1739 1068 1804 dum
1110 1740 1343 1804 defluat
1384 1741 1620 1826 amnis3
1665 1745 1735 1805 at
1776 1743 1886 1807 ille

174 1823 446 1889 Labitur
488 1827 554 1889 et
593 1824 843 1888 labetur
883 1824 955 1888 in
996 1845 1185 1888 omne
1227 1824 1523 1889 volubilis
1567 1847 1810 1890 aevum.

176 1908 520 1984 Quaeritur
562 1910 899 1992 argentum
940 1907 1277 1992 puerisque
1319 1908 1508 1973 beata
1550 1910 1837 1973 creandis

173 1992 357 2058 onr
367 2042 386 2076 ‚
433 1995 498 2057 et
537 1991 815 2057 incultae
856 1995 1163 2076 pacantur
1204 2012 1457 2057 vomere
1503 1993 1728 2058 silvae:
2033 2007 2100 2058 45

176 2076 363 2152 Quod
404 2076 561 2140 satis
590 2079 687 2140 est
729 2076 832 2140 cui
860 2076 1211 2161 contingit,
1257 2076 1422 2141 nihil
1464 2078 1734 2161 amplius
1778 2081 1973 2162 optet.

173 2160 331 2226 Non
375 2160 601 2224 domus
646 2163 712 2224 et
751 2160 1015 2243 fundus,
1059 2180 1194 2223 non
1236 2162 1399 2224 aeris
1431 2182 1690 2227 acervus
1735 2165 1800 2226 et
1840 2164 1976 2228 auri

175 2246 467 2330 Aegi-oto
511 2243 756 2309 domini
798 2243 1059 2308 deduxit
1099 2264 1367 2327 corpore
1405 2244 1643 2329 febres,

174 2328 331 2394 Non
376 2327 590 2391 animo
636 2349 849 2392 curas:
893 2328 1100 2392 valeat
1146 2348 1474 2410 possessor
1516 2332 1798 2413 oportet,

178 2411 247 2476 Si
291 2412 688 2495 conportatis
731 2411 918 2475 rebus
961 2412 1123 2476 bene
1168 2411 1411 2495 cogitat
1451 2412 1562 2476 uti.
2035 2427 2104 2478 50

177 2496 302 2571 Qui
332 2495 512 2580 cupit
538 2499 649 2561 aut
675 2495 932 2577 metuit,
960 2495 1138 2559 iuvat
1163 2494 1346 2557 illum
1376 2495 1468 2559 sic
1497 2495 1720 2559 domus
1751 2500 1816 2560 et
1842 2519 1943 2561 res
1954 2547 1973 2581 ‚

175 2578 267 2643 Vt
308 2581 403 2662 lip
449 2601 558 2642 um
599 2579 809 2662 pictae
850 2579 1135 2660 tabulae,
1178 2578 1464 2642 fomenta
1504 2579 1859 2664 podagrum
1872 2630 1891 2664 ,

175 2601 518 2728 Auriculias
563 2662 842 2727 citharae
886 2663 1154 2727 collecta
1197 2660 1383 2725 sorde
1428 2662 1734 2727 dolentes,

177 2746 576 2812 Sincerumst
600 2747 729 2810 nisi
757 2767 898 2829 vas,
943 2745 1383 2829 quodcumque
1409 2746 1693 2810 infundis
1722 2748 1973 2812 acescit.

177 2830 423 2914 Sperne
465 2830 853 2914 voluptates:
896 2832 1088 2894 nocet
1130 2832 1347 2912 empta
1388 2829 1605 2894 dolore
1647 2830 1959 2914 voluptaS.
2035 2843 2102 2894 55

177 2914 445 2997 Semper
486 2936 712 2978 avarus
756 2916 928 2999 eget:
974 2915 1217 2977 certum
1257 2916 1405 2977 voto
1446 2916 1594 2996 pete
1634 2914 1847 2979 finem.

177 2997 443 3063 Invidus
486 2998 745 3062 alterius
787 2998 1120 3062 macrescit
1160 2997 1348 3061 rebus
1393 2998 1655 3082 opimis3

175 3081 431 3146 Invidia
473 3081 672 3146 Siculi
712 3103 848 3145 non
889 3081 1188 3145 invenere
1228 3081 1488 3164 tyranni

176 3165 388 3231 Maius
430 3168 838 3231 tormentum.
927 3164 1051 3240 Qui
1091 3186 1225 3229 non
1268 3165 1698 3230 moderabitur
1739 3167 1899 3250 irae,

176 3248 500 3314 Infectum
523 3250 697 3314 volet
724 3271 890 3332 esse,
934 3249 1119 3313 dolor
1159 3248 1329 3332 quod
1372 3251 1641 3314 suaserit
1669 3253 1733 3314 et
1759 3273 1969 3336 mens,
2035 3265 2103 3315 60

175 3332 349 3398 Dum
388 3355 632 3419 poenas
676 3333 820 3397 odio
863 3354 980 3417 per
1021 3333 1153 3397 vim
1194 3333 1457 3398 festinat
1497 3334 1722 3398 inult0.

174 3416 282 3481 Ira
321 3419 502 3483 furor
529 3417 737 3482 brevis
768 3420 895 3482 est:
940 3417 1221 3482 animum
1249 3438 1431 3501 rege3
1479 3418 1586 3501 qui
1613 3418 1742 3481 nisi
1762 3422 1971 3503 paret,

173 3499 488 3586 Imperat:
533 3500 705 3565 hunc
746 3501 972 3585 frenis,
1016 3501 1189 3566 hunc
1230 3504 1305 3566 tu
1348 3523 1657 3585 conpesce
1701 3505 1944 3570 catena.
