2588 4046
388 249 514 315 202
1096 252 1609 311 Emswmnvu
2145 252 2323 327 [xm

1244 451 1446 529 XIII.

516 586 607 652 Vt
647 586 1155 670 proficiscentem
1201 584 1389 649 docui
1430 588 1495 650 te
1539 605 1728 681 saepe
1772 583 2032 682 diuque,

515 672 811 755 Augusto
856 670 1081 735 reddes
1126 669 1387 754 signata
1428 669 1782 751 volumina,
1826 668 2009 752 Vmi‚

519 754 588 820 Si
629 755 906 839 validuS,
953 753 1008 818 si
1050 754 1252 818 laetus
1298 753 1447 836 erit,
1493 752 1550 817 si
1593 752 1863 835 denique
1905 756 2162 838 poscet3

517 838 617 904 Ne
661 838 870 903 studio
913 837 1119 903 nostri
1160 857 1384 921 pecces
1429 836 1766 920 odiumque
1809 836 2042 900 libellis

454 937 488 986 5
519 922 785 988 Sedulus
827 923 1113 1007 inportes
1157 942 1353 1005 opera
1392 923 1682 986 vemente
1725 920 2032 984 minister.

519 1006 588 1072 Si
629 1009 694 1071 te
736 1007 902 1070 forte
943 1026 1121 1070 meae
1163 1005 1378 1090 gravis
1420 1007 1564 1069 uret
1606 1004 1855 1068 sarcina
1898 1003 2187 1088 chartae,

517 1090 775 1155 Abicito
818 1090 1062 1174 potius,
1106 1110 1299 1173 quam
1341 1110 1466 1173 quo
1510 1088 1788 1172 perferre
1824 1087 2064 1152 'iuberis

520 1174 807 1240 Clitellas
850 1175 1020 1239 ferus
1063 1173 1389 1258 inpingas,
1434 1172 1798 1255 Asinaeque
1840 1174 2177 1255 paternum

522 1258 899 1355 Cognomen
940 1259 1149 1323 vertas
1191 1258 1263 1321 in
1303 1258 1502 1321 risum
1546 1260 1612 1321 et
1652 1256 1870 1320 fabula
1910 1255 2047 1320 fias.

427 1356 491 1406 ιο
519 1342 779 1407 Viribus
821 1342 1020 1407 uteris
1063 1362 1179 1441 per
1220 1341 1449 1425 clivos,
1492 1340 1784 1424 flumina,
1827 1340 2057 1424 lamas3

520 1426 746 1492 Victor
786 1426 1102 1523 propositi
1145 1425 1336 1490 simul
1378 1446 1452 1490 ac
1493 1424 1855 1509 perveneris
1898 1424 2081 1508 illuc,

523 1510 628 1576 Sic
668 1512 951 1594 positum
993 1510 1275 1575 servabis
1319 1529 1511 1593 onus,
1552 1530 1636 1573 ne
1678 1509 1844 1573 forte
1888 1508 2004 1572 sub
2049 1508 2154 1572 ala

522 1594 924 1659 Fasciculum
1012 1596 1183 1658 ortes
1225 1593 1534 1659 librorum
1575 1596 1649 1657 ut
1688 1591 1962 1657 rusticus
2006 1613 2292 1677 agnum,

521 1677 614 1744 Vt
653 1679 879 1743 vinosa
919 1701 966 1764 g
992 1699 1172 1743 omus
1214 1677 1486 1742 furtivae
1527 1675 1858 1760 †Pyrrhia
1898 1676 2110 1760 lanae,

429 1777 491 1827 15
522 1762 613 1827 Vt
654 1783 798 1827 cum
840 1761 1076 1846 pileolo
1120 1762 1326 1827 soleas
1371 1760 1637 1826 conviva
1676 1761 1947 1825 tribulis.

523 1847 669 1913 Neu
704 1847 895 1931 volgo
938 1868 1185 1929 narres,
1227 1848 1291 1910 te
1337 1844 1659 1911 sudavisse
1701 1844 1961 1909 ferendo

527 1930 856 2013 Carmina,
901 1950 1062 2013 quae
1102 1930 1356 2014 possint
1396 1929 1614 1994 oculos
1657 1948 1963 2013 auresque
2004 1929 2244 1993 morari

527 2013 843 2100 Caesaris3
888 2017 1101 2080 oratus
1145 2015 1349 2079 multa
1388 2034 1602 2098 prece,
1644 2013 1881 2079 nitere:
1924 2035 2113 2098 porro

527 2098 739 2183 Vade,
785 2099 923 2164 vale
931 2146 952 2183 ,
997 2120 1146 2164 cave
1188 2120 1271 2164 ne
1314 2098 1551 2163 titubes
1580 2098 2000 2182 mandataque
2045 2098 2335 2184 frangas.

1242 2388 1474 2464 XIHJ.

526 2521 734 2588 Vilice
777 2520 1079 2587 silvarum
1122 2522 1186 2585 et
1226 2519 1386 2584 mihi
1429 2540 1531 2585 me
1573 2519 1895 2586 reddentis
1938 2519 2129 2606 agelli
2142 2569 2160 2603 ,

530 2606 732 2682 Quem
773 2608 845 2670 tu
888 2603 1135 2669 fastidis
1149 2653 1168 2688 ,
1212 2603 1570 2668 habitatum
1613 2605 1889 2688 quinque
1931 2604 2092 2669 focis
2136 2607 2202 2668 et

530 2690 821 2774 Quinque
864 2689 1068 2753 bonos
1111 2688 1372 2753 solitum
1412 2688 1671 2753 Variam
1714 2688 2030 2753 dimittere
2084 2691 2345 2776 patres,

530 2773 890 2856 Certemus,
938 2773 1153 2857 spinas
1197 2773 1492 2838 animone
1617 2793 1656 2837 o
1699 2773 1928 2837 fortius
1972 2794 2055 2837 an
2095 2775 2169 2837 tu

467 2870 499 2922 ⁶
530 2858 787 2922 Evellas
830 2878 984 2942 agro
997 2906 1038 2940 ‚‚
1062 2860 1128 2920 et
1167 2856 1395 2922 melior
1436 2856 1522 2921 sit
1629 2857 1867 2921 oratius
1910 2878 1993 2921 an
2034 2875 2157 2921 res.

528 2941 637 3006 Me
679 2941 964 3025 quamvis
1007 2940 1264 3006 Lamiae
1306 2941 1510 3025 pietas
1554 2943 1620 3005 et
1661 2961 1811 3005 cura
1852 2942 2167 3025 moratur,

528 3025 817 3091 Fratrem
859 3024 1231 3108 maerentis,
1275 3027 1459 3108 rapto
1506 3024 1584 3089 de
1625 3024 1820 3090 fratre
1862 3024 2137 3089 dolentis

528 3108 989 3194 Insolabiliter3
1033 3111 1250 3173 tamen
1291 3108 1455 3173 istuc
1497 3128 1677 3173 mens
1721 3108 2096 3192 animusque

528 3192 680 3257 Fert
723 3196 787 3258 et
828 3196 1001 3258 amat
1043 3193 1264 3277 spah’is
1309 3192 1628 3258 obstantia
1668 3214 1812 3257 rum
1857 3214 1961 3258 ere
2004 3193 2313 3260 claustra.

438 3290 504 3340 ιο
531 3276 701 3342 Rure
746 3299 866 3362 ego
911 3278 1259 3360 viventem,
1304 3280 1376 3341 tu
1419 3276 1577 3341 dicis
1619 3276 1690 3340 in
1730 3298 1809 3341 ur
1853 3298 1887 3341 e
1930 3276 2219 3341 beatum:

530 3359 649 3426 Cui
691 3362 901 3446 placet
942 3361 1199 3426 alterius
1213 3409 1231 3444 ,
1276 3382 1392 3425 sua
1432 3361 1796 3425 nimirumst
1838 3361 1984 3425 odio
2028 3380 2188 3425 sors.

530 3443 777 3510 Stultus
806 3448 1067 3529 uterque
1110 3445 1323 3509 locum
1351 3445 1717 3509 inmeritum
1746 3448 2038 3509 causatur
2079 3444 2344 3528 inique:

524 3528 603 3592 In
645 3529 895 3612 culpast
935 3529 1217 3612 animus,
1262 3529 1373 3612 qui
1417 3549 1483 3594 se
1525 3549 1658 3593 non
1702 3529 1926 3614 effugit
1965 3548 2299 3612 umquam.
