2588 4046
522 229 605 293 28
1287 231 1680 288 CARMINVM
1909 238 1915 243 ·
2215 226 2463 300 [XXXV.

665 395 754 459 Te
799 394 956 478 Spes
1002 398 1067 459 et
1109 394 1253 458 albo
1299 415 1442 457 rara
1484 393 1673 457 Fides
1720 388 1873 457 colit

663 479 891 544 Velata
931 482 974 560 †
1001 499 1214 562 panno
1227 527 1245 560 ‚
1289 499 1409 541 nec
1454 477 1751 541 comitem
1796 477 2101 561 abnegat,

748 563 1105 645 Vtcumque
1146 565 1394 625 mutata
1436 564 1728 644 potentes

819 646 1048 711 -Veste
1093 645 1317 710 domos
1361 644 1622 708 inimica
1663 645 1917 727 linquis.

524 777 589 825 25
659 764 752 827 At
792 764 1019 848 volgus
1062 763 1329 827 infidum
1373 765 1438 826 et
1478 762 1781 826 meretrix
1821 764 1992 825 retro

663 847 924 912 Periura
967 847 1163 929 cedit,
1219 846 1563 943 diffugiunt
1606 845 1778 910 cadis

754 930 916 996 Cum
959 932 1135 995 faece
1180 931 1436 994 siccat1s
1480 931 1698 1013 amici,

860 1015 1050 1079 Ferre
1094 1016 1316 1099 iugum
1358 1014 1599 1098 pariter
1642 1013 1867 1077 dolosi.

665 1131 886 1197 Serves
930 1132 1166 1195 iturum
1210 1131 1546 1198 Caesarem
1590 1131 1661 1194 in
1700 1130 1960 1194 ultimos
2069 1135 2078 1142 ’

524 1228 591 1277 30
664 1215 852 1280 Orbis
896 1215 1240 1280 Britannos
1319 1218 1384 1279 et
1426 1216 1724 1279 iuvenum
1765 1235 1984 1278 recens

747 1299 1047 1380 Examen,
1077 1299 1232 1363 Eois
1276 1300 1630 1363 timendum

856 1383 1149 1447 Partibus
1196 1383 1575 1466 Oceanoque
1618 1381 1829 1447 rubro·

663 1496 847 1561 Eheu
891 1497 1257 1561 cicatricum
1305 1502 1371 1562 et
1413 1498 1670 1562 sceleris
1713 1496 1912 1578 pudet

664 1581 957 1645 Fratrum
1000 1603 1098 1645 ue.
1189 1581 1354 1656 Quid
1396 1603 1516 1646 nos
1562 1582 1717 1646 dura
1757 1581 2106 1678 refugimus

526 1677 591 1726 35
760 1666 958 1730 Aetas
1061 1666 1210 1749 quid
1253 1667 1566 1730 intactum
1609 1664 1843 1728 nefasti

552 1802 564 1815 .
853 1749 1228 1833 Liquimus‘?
1310 1750 1479 1814 unde
1518 1771 1776 1813 manum
1820 1747 2111 1812 iuventus

663 1865 840 1929 Metu
883 1866 1144 1931 deorum
1187 1866 1546 1931 continuit?
1604 1865 1829 1949 quibus

663 1948 755 2013 Pe
800 1951 956 2014 ercit
999 1950 1169 2014 aris?
1229 1950 1281 2014 O
1326 1951 1571 2014 utinam
1613 1970 1780 2013 nova

830 2035 985 2099 cude
1030 2035 1327 2119 diffingas
1372 2039 1653 2099 retusum
1697 2035 1767 2097 in

521 2128 589 2178 40
858 2117 1250 2203 Massagetas
1293 2118 1664 2202 Arabasque
1706 2118 1974 2181 ferrum!

1312 2373 1641 2448 XXXVI.

661 2504 750 2568 Et
815 2508 954 2568 ture
1022 2508 1086 2569 et
1127 2503 1358 2568 fidibus
1402 2504 1577 2568 iuvat

745 2588 1002 2653 Placare
1047 2591 1112 2652 et
1153 2588 1339 2652 vituli
1381 2588 1692 2673 sanguine
1739 2588 1951 2654 debito

661 2671 969 2737 Custodes
1012 2672 1327 2738 Numidae
1372 2673 1551 2756 deOS‚

747 2754 870 2831 Qui
910 2778 1082 2820 nunc
1124 2756 1437 2840 Hesperia
1479 2777 1697 2841 sospes
1742 2757 1821 2820 ab
1865 2756 2090 2819 ultima

518 2883 550 2931 5
658 2870 837 2936 Caris
881 2873 1081 2936 multa
1125 2872 1445 2937 sodalibus
1458 2922 1477 2956 ‚

742 2954 806 3019 N
807 2955 923 3018 ulli
964 2957 1148 3039 plura
1189 2960 1406 3021 tamen
1449 2957 1673 3022 dividit
1715 2956 1931 3021 oscula

659 3036 864 3113 Quam
908 3039 1077 3103 dulci
1119 3040 1405 3124 Lamiae,
1449 3062 1693 3105 memor

740 3122 941 3187 Actae
985 3144 1118 3188 non
1160 3125 1284 3188 alio
1330 3146 1480 3209 rege
1524 3124 1803 3209 puertiae

657 3239 1064 3324 Mutataeque
1104 3242 1293 3306 simul
1335 3245 1544 3327 togae.

526 3335 590 3384 10
748 3322 975 3389 Cressa
1014 3347 1096 3389 ne
1141 3329 1351 3390 careat
1392 3325 1657 3409 pulchra
1700 3325 1832 3389 dies
1875 3327 2062 3408 nota,

655 3407 800 3473 Neu
840 3412 1170 3493 promptae
1212 3410 1439 3474 modus
1484 3409 1853 3493 amphorae,

740 3492 885 3558 Neu
924 3514 1167 3558 morem
1210 3494 1281 3557 in
1326 3492 1566 3559 Salium
1610 3494 1695 3557 sit
1735 3493 1980 3577 requies
2023 3492 2295 3579 pedum,
