2588 4046
170 240 296 315 ιιι]
976 242 1193 299 msa
1234 243 1278 300 1.
1967 232 2096 303 '191

169 404 581 489 Respondere
672 424 813 468 aras
857 425 969 469 seu
1014 404 1234 470 condis
1286 403 1560 469 amabile
1605 426 1889 488 carmen,

169 488 388 553 Prima
428 487 594 553 feres
685 489 908 553 ederae
951 488 1229 554 victricis
1273 489 1576 573 praemia.
1650 488 1891 566 Quodsi
2034 501 2101 552 25

170 572 433 658 Frigida
475 593 768 638 curarum
809 572 1098 637 fomenta
1136 572 1495 657 relinquere
1537 593 1786 657 posses:

171 655 313 732 Quo
355 659 420 720 te
465 657 754 722 caelestis
799 656 1115 740 sapientia
1158 657 1443 740 duceret,
1488 656 1632 722 ires.

167 740 315 805 Hoc
344 760 524 824 opus,
553 740 679 806 hoo
708 739 988 806 studium
1014 741 1195 825 parvi
1222 762 1634 826 properemus
1664 743 1730 806 et
1757 741 1973 826 ampli,

171 824 242 890 Si
286 824 531 909 patriae
574 824 866 890 volumus
879 872 899 908 ‚
946 824 1002 889 si
1042 824 1230 890 nobis
1274 825 1487 890 vivere
1532 825 1682 890 cari.

167 908 385 973 Debes
427 907 552 973 hoo
596 906 787 972 etiam
827 908 1205 992 rescribere,
1251 909 1337 973 sit
1377 909 1498 973 tibi
1542 929 1730 974 curae
1740 957 1758 992 ,
2037 921 2102 972 80

170 992 463 1069 Quantae
507 992 872 1076 conveniat,
916 991 1244 1057 Munatius
1259 1040 1277 1075 ,
1322 1013 1408 1057 an
1449 993 1616 1057 male
1661 997 1832 1058 sarta

172 1076 401 1142 Gratia
441 1076 825 1159 nequiquam
870 1076 1001 1142 ooit
1043 1080 1109 1142 et
1149 1076 1563 1174 rescinditur,
1608 1097 1680 1142 ao
1723 1098 1838 1142 vos

171 1159 299 1226 Seu
342 1159 586 1225 calidus
629 1161 889 1246 sanguis
933 1182 1046 1226 seu
1087 1182 1300 1226 rerum
1342 1160 1596 1226 inseitla
1635 1165 1824 1225 vexat

170 1244 497 1310 Indomita
539 1245 779 1310 oervioe
823 1244 1038 1310 feros?
1083 1244 1483 1329 Vbicumque
1511 1245 1799 1310 locorum

174 1327 407 1394 Vivitis
419 1376 439 1412 ,
483 1327 734 1413 indigni
776 1328 1128 1395 fraternum
1169 1350 1466 1413 rumpere
1508 1329 1764 1414 foedus,
2035 1341 2100 1392 8³

172 1411 467 1478 Pascitur
506 1412 578 1477 in
619 1414 899 1478 vestrum
938 1413 1214 1478 reditum
1253 1413 1468 1479 votiva
1509 1413 1795 1481 iuvenca.

1050 1702 1211 1778 ΠΠ.

173 1833 357 1917 Albi,
402 1835 767 1898 nostrorum
810 1853 1175 1899 sermonum
1219 1833 1483 1899 candide
1526 1834 1745 1918 iudex,

170 1917 340 1995 Quid
385 1938 557 1983 nuno
598 1919 663 1983 te
708 1916 917 1983 dicam
958 1918 1167 1984 faeere
1209 1918 1280 1983 in
1322 1917 1584 2004 regione
1627 1918 1929 1984 Pedana?

172 2001 464 2069 Seribere
507 2001 678 2085 quod
723 2000 906 2069 Cassi
947 2000 1311 2069 Parmensis
1356 2003 1661 2087 opuscula
1700 2002 1944 2087 vineat,

169 2088 278 2152 An
319 2086 589 2152 tacitum
632 2086 822 2151 silvas
864 2086 1033 2152 inter
1072 2090 1325 2171 reptare
1370 2088 1684 2173 salubres,

171 2171 523 2239 Cura-ntem
567 2170 873 2255 quidquid
916 2171 1181 2257 dignum
1225 2171 1514 2257 sapiente
1557 2172 1960 2256 bonoquest‘?
2065 2183 2097 2235 ⁶

169 2255 233 2322 N
234 2277 323 2321 on
367 2258 440 2321 tu
469 2276 699 2353 corpus
730 2275 869 2320 eras
899 2256 1038 2320 sine
1080 2258 1355 2340 pectore.
1418 2255 1505 2321 Di
1532 2257 1653 2321 tibi
1680 2257 1971 2341 formam,

170 2339 256 2405 Di
298 2340 422 2405 tibi
465 2338 719 2406 div1tias
765 2339 1073 2405 dederunt
1114 2343 1439 2439 artemque
1480 2340 1751 2407 fruendi.

171 2423 340 2501 Quid
383 2426 611 2489 voveat
653 2424 821 2488 dulci
863 2425 1181 2490 nutricula
1221 2446 1428 2490 maius
1472 2426 1760 2509 alumno,

174 2506 298 2583 Qui
342 2528 565 2593 sapere
608 2512 674 2573 et
713 2508 838 2572 fari
879 2509 1087 2592 possit
1128 2526 1289 2593 quae
1334 2508 1599 2592 sentiat,
1646 2513 1711 2573 et
1754 2510 1854 2574 oui

175 2591 426 2674 Gratia,
473 2591 673 2675 fama,
717 2592 1011 2658 valetudo
1057 2595 1390 2677 contingat
1432 2592 1683 2658 abunde
1696 2642 1716 2677 ,
2038 2604 2101 2655 ιο

173 2675 261 2740 Et
302 2675 579 2740 mundus
622 2675 827 2740 vietus
869 2697 1004 2741 non
1047 2677 1378 2742 deficiente
1423 2676 1765 2742 crumena?

174 2758 353 2824 Inter
398 2781 576 2843 spem
621 2780 985 2858 curamque,
1029 2761 1293 2826 timores
1338 2762 1504 2826 inter
1548 2764 1613 2825 et
1653 2760 1781 2825 iras

177 2842 451 2909 Omnem
495 2844 678 2909 erede
722 2844 890 2908 diem
932 2844 1051 2909 tibi
1095 2844 1398 2910 diluxisse
1448 2866 1523 2909 su
1566 2865 1844 2909 remum:

180 2926 379 2992 Grata
420 2928 852 3011 superveniet,
940 2949 1057 2994 uae
1098 2949 1234 2994 non
1276 2929 1531 3013 sperabi
1675 2927 1852 2995 hora.

177 3010 284 3076 Me
325 3012 390 3096 p‘
531 3032 633 3076 em
676 3014 742 3077 et
781 3012 904 3076 niti
948 3035 1057 3077 um
1099 3012 1261 3078 bene
1306 3015 1524 3078 curata
1568 3015 1710 3078 oute
1751 3013 1948 3098 vises,
2039 3026 2098 3076 15

181 3092 342 3161 Cum
370 3033 589 3161 fflm
631 3097 807 3162 voles
846 3096 1108 3181 Epicuri
1152 3096 1230 3162 de
1273 3118 1471 3184 grege
1512 3110 1795 3182 porcum
