2588 4046
474 260 553 324 76
1230 261 1624 319 oARmnvn
2217 257 2423 329 [xxv.

474 438 503 486 5
675 427 1026 492 Aeternum
1068 425 1384 490 meditans
1429 425 1650 489 decus·

539 542 547 546 ·
754 509 969 576 Stellis
1014 510 1291 574 inserere
1335 511 1399 574 et
1442 507 1710 574 consilio
1755 505 1972 570 Iovis?

670 594 898 659 Dicam
940 595 1223 679 insigne,
1266 614 1489 658 recens
1565 591 1770 655 adhuc

753 677 1075 743 Indictum
1118 698 1227 742 ore
1270 677 1415 741 alic.
1488 641 1554 742 N
1556 697 1643 741 on
1685 695 1865 739 secus
1909 674 1979 737 in
2020 673 2197 758 iugis

671 812 916 877 Edonis
962 814 1176 896 stupet
1216 810 1456 876 Euhias
1469 859 1488 894 ,

483 909 543 958 ιο
754 896 1041 960 Hebrum
1083 895 1479 979 prospiciens
1524 897 1589 958 et
1630 893 1776 957 nive
1821 891 2155 956 candidam

674 979 963 1044 Thracen
1007 1000 1079 1044 ac
1121 978 1283 1063 pede
1327 979 1597 1043 barbaro

759 1063 1119 1128 Lustratam
1160 1062 1547 1147 Rhodopen,
1600 1064 1673 1125 ut
1714 1059 1871 1124 mihi
1917 1058 2098 1123 devio

675 1197 756 1262 Ri
803 1220 871 1262 as
919 1201 983 1261 et
1023 1218 1296 1262 vacuum
1338 1217 1562 1261 nemus

830 1282 981 1346 irari
1024 1282 1199 1346 libet.
1289 1280 1344 1346 Ο
1388 1279 1704 1346 Naiadum
1747 1281 1974 1363 potens

484 1379 545 1427 15
675 1365 1193 1448 Baccharumque
1235 1365 1584 1429 valentium

760 1449 1064 1514 Proceras
1107 1449 1401 1513 manibus
1445 1452 1689 1513 vertere
1738 1446 2052 1527 fraxinOS,

677 1583 790 1650 Nil
880 1605 1099 1649 arvum
1143 1586 1252 1649 aut
1292 1582 1521 1648 humili
1562 1581 1752 1647 modo
1764 1631 1782 1665 ,

760 1667 825 1733 N
916 1667 1185 1732 mortale
1228 1667 1472 1751 loquar.
1542 1665 1745 1730 Dulce
1790 1663 2251 1750 periculumst,

680 1751 734 1816 Ο
779 1750 1056 1835 Lenaee,
1104 1752 1281 1835 sequi
1327 1751 1513 1815 deum

482 1850 548 1899 20
768 1834 1147 1920 (lingentem
1190 1834 1378 1899 viridi
1420 1839 1709 1919 tempora
1751 1833 2073 1918 pampino.

1312 2175 1568 2249 XXVI.

681 2305 831 2371 Vixi
874 2307 1101 2372 duellis
1142 2329 1348 2391 nuper
1389 2307 1654 2370 idoneus

681 2389 771 2455 Et
811 2391 1079 2455 militavi
1121 2411 1255 2455 non
1298 2391 1437 2455 sine
1479 2390 1718 2475 gloria3

766 2473 956 2540 Nunc
996 2497 1171 2540 arma
1214 2475 1581 2539 defunctum
1626 2494 1704 2537 ue
1748 2473 1918 2537 bello

843 2558 1155 2623 Barbiton
1195 2558 1302 2622 hic
1344 2558 1551 2642 paries
1640 2557 1884 2640 abebit‚

487 2703 517 2754 5
688 2692 966 2757 Laevum
1008 2693 1286 2757 marinae
1331 2694 1440 2776 qui
1480 2691 1749 2757 Veneris
1794 2691 1960 2755 latus

683 2776 993 2843 Custodit.
1080 2776 1234 2859 Hic,
1277 2776 1383 2841 hic
1425 2776 1646 2860 ponite
1689 2774 1897 2840 lucida

764 2859 1035 2925 Funalia
1078 2863 1142 2925 et
1183 2863 1393 2924 vectes
1439 2863 1503 2924 et
1545 2881 1726 2924 arcus

846 2943 1173 3028 Oppositis
1216 2943 1464 3007 foribus
1506 2944 1806 3008 minaceS.

684 3079 738 3144 Ο
783 3099 941 3162 quae
984 3077 1237 3142 beatam
1280 3078 1427 3141 diva
1468 3081 1646 3143 tenes
1693 3076 1973 3161 Cyprum
2015 3080 2081 3142 et

491 3175 554 3225 ιο
689 3161 1019 3245 Memphin
1063 3163 1383 3226 carentem
1427 3160 1722 3227 Sithonia
1762 3162 1939 3244 nive,

766 3245 860 3310 Re
913 3245 927 3259 ⁶
978 3267 1045 3328 a,
1090 3245 1348 3310 sublimi
1389 3245 1643 3331 flagello

900 3350 1064 3415 ange
1109 3328 1354 3396 Chloen
1397 3330 1595 3394 semel
1638 3332 2058 3414 arrogantem.

1303 3535 1601 3544 ——-——
