2588 4046
451 238 578 305 168
1215 242 1641 300 sATmARVM
2263 244 2393 318 [111.

578 404 941 470 Accedam?
1012 405 1120 469 An
1162 406 1378 489 potius
1419 405 1689 471 mediter
1731 405 1914 470 finire
1958 404 2253 490 dolores?

576 490 896 575 Exclusit3
941 494 1229 554 revocat:
1275 489 1575 555 redeam?
1630 489 1799 639 Νέῃ,
1840 490 1893 554 si
1934 490 2265 555 obsecret.’
2296 528 2394 540 -——

1730 594 1838 638 cce

441 670 547 722 265
579 657 840 741 Servus,
882 677 1018 721 non
1059 658 1250 741 paulo
1296 657 1645 741 sapientior
1690 666 1752 722 ‘o
1798 678 1933 741 ere,
1978 679 2136 741 quae
2178 679 2282 722 res

571 742 637 809 N
639 763 711 806 ec
782 741 1043 806 modum
1129 742 1325 807 habet
1398 762 1605 825 neque
1681 742 2044 888 conisilium,
2131 741 2391 807 ratione

1663 846 1769 890 mo
1816 846 1853 890 o
1898 846 1979 890 ue

573 909 859 976 'I'ractari
880 929 1015 975 non
1036 910 1188 975 volt.
1220 910 1299 974 In
1321 931 1535 975 amore
1555 909 1713 975 haec
1737 847 1898 974 suni}
1907 909 2092 994 mala,
2116 910 2388 995 bellum,

570 994 706 1059 Pax
747 1016 1027 1060 rursum:
1072 993 1230 1059 haec
1275 994 1472 1077 siquis
1514 994 1910 1078 tempestatis
1953 1014 2151 1078 prope
2195 995 2333 1058 ritu

571 1078 839 1143 Mobilia
883 1081 947 1143 et
989 1099 1177 1142 caeca
1217 1077 1538 1142 fluitantia
1580 1080 1751 1142 sorte
1795 1077 2045 1142 laboret

443 1173 547 1225 270
576 1162 864 1227 Reddere
909 1166 1082 1227 certa
1125 1162 1276 1245 sibi,
1322 1162 1525 1226 nihilo
1570 1162 1714 1245 plus
1759 1162 2059 1245 explicet,
2106 1182 2179 1227 ac
2224 1163 2278 1226 si

569 1246 859 1311 Insanire
900 1248 1084 1330 paret
1126 1248 1299 1310 certa
1340 1246 1587 1311 ratione
1629 1245 1989 1329 modoque.'

571 1330 766 1413 Quid,
811 1351 955 1395 cum
998 1330 1251 1394 Picenis
1298 1350 1640 1413 excerpens
1684 1330 1927 1394 semina
1967 1330 2174 1414 pomis

571 1413 852 1498 Gaudes,
898 1415 953 1479 si
998 1435 1312 1478 cameram
1352 1414 1634 1511 percusti
1677 1414 1873 1496 forte,
1917 1435 2112 1498 penes
2154 1414 2324 1478 te's?

570 1497 779 1573 Quid?
826 1518 969 1562 cum
1013 1498 1205 1562 balba
1247 1498 1400 1562 feris
1444 1518 1687 1562 annoso
1731 1498 1925 1562 verba
1965 1498 2212 1582 palate,

440 1595 541 1645 275
573 1581 971 1647 Aedificante
1016 1603 1192 1646 casas
1238 1582 1348 1665 qui
1391 1581 1650 1646 sanior?
1715 1581 1899 1646 Adde
1944 1601 2231 1647 cruorem

567 1666 917 1750 stultitiae,
981 1668 1169 1750 atque
1238 1666 1456 1751 ignem
1524 1664 1737 1762 gladio
1802 1668 2080 1731 scrutare
2142 1666 2388 1744 modo;

1655 1772 1724 1814 1n
1818 1772 1962 1815 uem

564 1835 832 1900 Hellade
875 1855 1176 1919 percussa
1218 1834 1460 1899 Marius
1505 1855 1649 1900 cum
1691 1771 2068 1931 prgecipitat
2111 1856 2178 1899 se
2191 1884 2211 1919 ,

573 1919 857 1985 Cerritus
901 1919 1069 1984 fuit?
1114 1941 1198 1984 an
1241 1921 1597 1984 commotae
1640 1919 1903 1984 cnmine
1946 1918 2180 1983 mentis

562 2003 876 2069 Absolves
917 2003 1244 2069 hominem
1254 2053 1272 2088 ,
1322 2006 1387 2069 et
1414 2002 1667 2069 sceleris
1710 2002 2042 2068 damnabis
2072 2002 2381 2090 eundem,

431 2100 538 2152 280
566 2088 667 2153 Ex
708 2108 884 2152 more
927 2089 1243 2172 inponens
1288 2091 1564 2185 cognata
1605 2088 1914 2153 vocabula
1961 2088 2194 2154 rebus?

562 2172 927 2237 Libertinus
973 2175 1136 2255 erat,
1183 2172 1290 2256 qui
1336 2193 1573 2237 circum
1617 2172 1896 2256 compita
1939 2172 2142 2237 siccus

561 2256 780 2320 Lautis
823 2277 1009 2321 mane
1053 2277 1245 2321 senex
1287 2257 1582 2321 manibus
1627 2256 1920 2321 currebat
1961 2259 2027 2321 et
2070 2261 2296 2321 ‘unum
2310 2304 2331 2339 ‚

564 2340 729 2415 Quid
771 2342 907 2404 tam
948 2361 1252 2426 magnum
1262 2340 1324 2404 *Ρ
1382 2341 1648 2424 addens,
1704 2345 1926 2490 ‘ulncluffn
1977 2362 2080 2405 me
2125 2341 2381 2424 surpite

1647 2445 1753 2489 mo

561 2506 680 2573 Dis
720 2508 956 2574 etenim
998 2509 1274 2574 facilest’
1323 2509 1574 2592 orabat,
1624 2530 1815 2574 sanus
1857 2509 2141 2592 utrisque

430 2605 534 2655 285
563 2593 843 2657 Auribus
887 2596 1077 2676 atque
1121 2593 1350 2678 oculis3
1395 2597 1707 2676 mentem,
1758 2593 1885 2657 nisi
1929 2593 2280 2677 litigiosus,

559 2676 900 2761 Exciperet
942 2676 1267 2762 dominus,
1326 2699 1470 2743 cum
1513 2676 1832 2743 venderet.
1924 2676 2069 2741 Hoc
2113 2696 2377 2761 quoque

1646 2763 1874 2846 volgus

559 2844 953 2929 Chrysippus
997 2847 1184 2930 ponit
1224 2845 1497 2911 fecunda
1537 2845 1607 2910 in
1696 2849 1840 2910 ente
1883 2843 2161 2909 Meneni.

559 2928 871 3012 ‘Iuppiter
881 2978 901 3011 ‚
945 2930 1239 3014 ingentes
1283 2931 1392 3014 qui
1436 2929 1549 2994 das
1593 2867 1944 3012 atfimisque
1988 2928 2237 2993 dolores
2248 2937 2299 3011 ,³

556 3011 764 3077 Mater
807 3013 898 3076 ait
939 3015 1119 3098 pueri
1162 3034 1412 3078 menses
1456 3014 1587 3077 iam
1629 3014 1908 3097 quinque
1953 3012 2277 3097 cubantis,

424 3108 531 3158 290
560 3095 846 3181 ‘Frigida
889 3098 944 3161 si
986 3119 1252 3182 puerum
1297 3101 1609 3181 quartana
1649 3097 2005 3182 reliquerit,
2049 3097 2160 3161 illo

554 3179 745 3244 Mane
790 3180 924 3264 die,
971 3201 1095 3265 quo
1140 3184 1213 3246 tu
1255 3181 1483 3245 indicis
1527 3181 1790 3266 ieiunia,
1834 3181 2043 3246 nudus

553 3262 634 3327 In
676 3263 892 3328 Tiberi
936 3265 1175 3330 stabit!
1264 3264 1466 3330 Casus
1510 3265 1869 3330 medicusve
1912 3265 2138 3330 levarit

553 3349 839 3432 Aegrum
884 3369 960 3413 ex
1003 3348 1370 3432 praecipiti:
1415 3351 1623 3413 mater
1665 3348 1864 3414 delira
1905 3348 2161 3413 necabit

552 3430 632 3495 In
673 3431 887 3516 gelida
928 3432 1124 3497 fixum
1167 3432 1309 3516 ripa
1350 3432 1703 3516 febrimque
1746 3431 2022 3498 reducet.

421 3525 523 3575 295
555 3513 780 3589 Quone
822 3516 991 3579 malo
1035 3519 1314 3583 mentem
1351 3515 1701 3582 concussa?
1749 3516 2004 3581 Timore
2049 3516 2358 3581 deorum.’
