2588 4046
476 216 595 282 160
1214 218 1638 275 sAmAavM
2299 219 2393 292 [IL

596 383 770 448 ‘Non
816 387 964 469 ego’
1008 385 1373 447 narrantem
1418 384 1676 446 ‘temere
1721 380 1824 445 edi
1865 382 2006 447 luce
2093 380 2332 446 rofesta

596 467 947 550 Quicquam
990 469 1241 551 praeter
1275 467 1415 530 olus
1457 465 1746 530 fumosae
1775 486 1921 531 eum
1946 488 1990 549 p
2074 487 2107 530 e
2134 487 2395 548 pernae.

595 553 693 616 Ac
734 551 893 615 mihi
924 573 1034 616 seu
1077 552 1344 633 longum
1386 553 1536 633 post
1576 553 1827 633 tempus
1856 553 2119 614 venerat
2160 549 2399 633 hospes

601 635 744 701 Sive
790 657 1053 720 operum
1096 655 1297 700 vacuo
1343 637 1565 719 gratus
1611 634 1878 699 conviva
1920 655 2034 717 per
2076 634 2346 699 imbrem

476 733 573 783 120
599 719 895 803 Vicinus,
940 720 1102 783 bene
1146 721 1283 783 erat
1323 739 1458 782 non
1499 718 1782 803 piscibus
1823 718 1980 783 urbe
2022 718 2271 802 petitis,

598 803 723 869 Sed
751 804 927 888 pullo
959 807 1148 887 atque
1191 802 1427 887 haed03
1472 805 1608 867 tum
1637 802 1904 886 pensilis
1934 824 2055 867 uva
2084 803 2398 868 secundas

597 888 685 953 Et
725 909 857 952 nux
900 888 1172 952 ornabat
1212 907 1466 952 mensas
1511 907 1654 951 cum
1698 885 1949 970 duplice
1992 887 2137 952 ficu.

595 973 755 1038 Post
794 972 919 1037 hoc
960 972 1145 1036 ludus
1191 974 1329 1035 erat
1369 971 1556 1055 culpa
1598 973 1821 1054 potare
1864 970 2203 1057 magistra3

597 1058 694 1121 Ac
736 1058 1035 1121 venerata
1080 1054 1271 1121 Ceres
1285 1105 1304 1139 ‚
1349 1055 1440 1119 ita
1481 1054 1690 1121 culmo
1737 1059 2022 1140 surgeret
2063 1055 2193 1120 alto
2205 1104 2225 1139 ‚

476 1154 570 1203 125
600 1140 928 1224 Explicuit
969 1141 1118 1206 vino
1165 1142 1525 1205 contractae
1571 1139 1734 1203 seria
1775 1138 2025 1204 frontis,

599 1224 850 1290 Saeviat
893 1245 931 1288 a
1002 1246 1080 1289 ue
1123 1245 1325 1288 novos
1367 1226 1621 1289 moveat
1662 1223 1920 1288 fortuna
1960 1225 2301 1289 tumultus:

599 1309 919 1385 Quantum
1013 1309 1026 1323 ⁶
1079 1330 1112 1373 c
1150 1308 1508 1373 inminuet‘?
1565 1310 1802 1392 quanto
1843 1310 1952 1372 aut
1981 1328 2099 1393 ego
2142 1308 2401 1393 parcius

1683 1395 1792 1457 aut
1833 1413 1948 1457 vos

600 1478 654 1542 O
698 1477 908 1561 pueri,
951 1477 1261 1560 nituistis,
1307 1479 1380 1541 ut
1419 1476 1545 1541 huc
1586 1497 1789 1541 novus
1839 1440 2049 1541 incola
2090 1477 2310 1540 venit?

601 1561 771 1626 Nam
812 1561 1106 1645 propriae
1149 1561 1395 1626 telluris
1439 1581 1614 1625 erum
1656 1563 1885 1624 natura
1925 1581 2044 1625 nec
2086 1560 2269 1625 illum

475 1659 573 1708 130
599 1645 737 1711 Nec
780 1666 882 1710 me
924 1666 1042 1711 nec
1084 1666 1467 1729 quemquam
1504 1645 1759 1729 statuit3
1806 1665 1924 1709 nos
1967 1644 2210 1728 expulit
2253 1646 2402 1731 ille3

597 1730 787 1794 Illum
831 1732 943 1794 aut
982 1729 1297 1812 nequities
1342 1731 1454 1793 aut
1493 1729 1653 1793 vafri
1695 1729 1950 1793 inscitia
1990 1729 2175 1812 iuriS,

597 1814 996 1878 Post-remum
1038 1814 1314 1897 expellet
1356 1815 1523 1878 certe
1567 1812 1844 1878 vivacior
1886 1812 2086 1878 heres.

598 1898 788 1963 Nunc
829 1919 983 1983 ager
1023 1897 1333 1963 Vmbreni
1378 1897 1496 1962 sub
1537 1898 1825 1982 nomine,
1868 1918 2072 1981 nuper
2116 1897 2314 1963 Ofelli

598 1981 824 2048 Dictus
836 2031 853 2064 ,
899 1983 1020 2047 erit
1061 1981 1221 2047 nulli
1264 1981 1591 2066 proprius,
1637 1982 1746 2047 sed
1792 1979 1974 2047 cedet
2012 1982 2082 2046 in
2123 2003 2313 2048 usum

477 2080 571 2129 135
602 2067 792 2132 Nuno
833 2067 1020 2150 mihi,
1064 2087 1235 2132 nunc
1278 2067 1408 2131 alii.
1498 2066 1807 2142 Quocirca
1847 2066 2040 2131 vivite
2082 2067 2285 2133 fortes

598 2150 937 2235 Fortiaque
983 2151 1263 2216 adversis
1309 2151 1612 2234 opponite
1655 2153 1916 2234 pectora
1959 2151 2192 2217 rebus?

1363 2523 1492 2599 III.

599 2655 693 2721 ‘Si
734 2675 877 2720 raro
920 2654 1176 2739 scribis,
1219 2658 1296 2721 ut
1334 2658 1472 2720 toto
1515 2677 1649 2720 non
1693 2657 1914 2739 quater
1958 2676 2127 2720 anno

598 2739 1035 2804 Membranam
1063 2759 1291 2823 poscas
1303 2789 1322 2838 2
1353 2740 1729 2824 scriptorum
1759 2761 2041 2838 quaeque
2070 2744 2400 2827 retexens,

597 2822 807 2887 Iratus
849 2822 998 2906 tibi,
1044 2823 1213 2907 quod
1255 2824 1388 2888 vmi
1432 2824 1762 2909 somnique
1806 2825 2120 2910 bemgnus

413 2974 424 2979 κ
598 2906 712 2972 Nil
756 2907 1019 2992 dignum
1062 2928 1353 2973 sermone
1396 2928 1616 2973 canas:
1672 2908 1822 2992 quid
1864 2909 2018 2974 fiet?
2103 2910 2195 2973 At
2239 2911 2402 2995 ipsis

533 3004 565 3053 5
598 2990 1034 3056 Saturnalibus
1078 2992 1205 3057 huc
1245 2992 1470 3078 fugisti
1514 2992 1780 3059 sobrius.
1867 2993 2043 3078 Ergo

598 3074 721 3140 Dic
765 3075 1004 3160 aliquid
1048 3075 1316 3161 dignum
1357 3076 1704 3161 promissis,
1782 3076 2019 3162 Incipe.
2091 3077 2206 3145 Nil
2252 3080 2399 3144 est?

599 3157 952 3243 Culpantur
994 3159 1229 3225 frustra
1272 3161 1529 3244 calami,
1572 3161 2029 3245 inmeritusque
2071 3163 2323 3227 laborat

598 3242 787 3308 Iratis
830 3247 1018 3308 natus
1062 3245 1268 3328 paries
1314 3244 1409 3309 dis
1454 3248 1641 3329 atque
1684 3246 1910 3330 poetiS.

598 3327 795 3411 Atqui
838 3328 1049 3392 voltus
1092 3331 1228 3394 erat
1268 3329 1472 3394 multa
1515 3332 1580 3394 et
1620 3330 1942 3413 praeclara
1982 3330 2288 3396 minantis
2301 3380 2321 3416 ,

504 3423 567 3473 10
598 3410 665 3476 Si
709 3432 977 3476 vacuum
1017 3413 1234 3497 tepido
1280 3414 1552 3497 cepisset
1592 3414 1813 3478 villula
1853 3417 2044 3479 tecto.

598 3494 910 3570 Quorsum
953 3497 1264 3579 pertinuit
1307 3499 1542 3583 stipare
1585 3498 1857 3562 Platona
1899 3497 2300 3565 Menandro?
