<?xml version="1.0" encoding="UTF-8"?>
<!DOCTYPE html PUBLIC "-//W3C//DTD XHTML 1.0 Transitional//EN"
    "http://www.w3.org/TR/xhtml1/DTD/xhtml1-transitional.dtd">
<html xmlns="http://www.w3.org/1999/xhtml" xml:lang="en" lang="en">
 <head>
  <title>
</title>
<meta http-equiv="Content-Type" content="text/html;charset=utf-8" />
  <meta name='ocr-system' content='tesseract 3.04.00' />
  <meta name='ocr-capabilities' content='ocr_page ocr_carea ocr_par ocr_line ocrx_word'/>
</head>
<body>
  <div class='ocr_page' id='page_1' title='image "./qvaleriicatulli03catugoog_0229.png"; bbox 0 0 2588 4046; ppageno 0'>
   <div class='ocr_carea' id='block_1_1' title="bbox 751 950 1544 1051">
    <p class='ocr_par' dir='ltr' id='par_1_1' title="bbox 751 950 1544 1051">
     <span class='ocr_line' id='line_1_1' title="bbox 751 950 1544 1051; baseline 0.001 -1"><span class='ocrx_word' id='word_1_1' title='bbox 751 950 1544 1051; x_wconf 85' lang='lat' dir='ltr'>EPODON</span> 
     </span>
    </p>
   </div>
   <div class='ocr_carea' id='block_1_2' title="bbox 1036 1146 1265 1200">
    <p class='ocr_par' dir='ltr' id='par_1_2' title="bbox 1036 1146 1265 1200">
     <span class='ocr_line' id='line_1_2' title="bbox 1036 1146 1265 1200; baseline -0.004 0"><span class='ocrx_word' id='word_1_2' title='bbox 1036 1146 1265 1200; x_wconf 83' lang='lat' dir='ltr'>LIBER.</span> 
     </span>
    </p>
   </div>
   <div class='ocr_carea' id='block_1_3' title="bbox 1103 1322 1158 1394">
    <p class='ocr_par' dir='ltr' id='par_1_3' title="bbox 1103 1322 1158 1394">
     <span class='ocr_line' id='line_1_3' title="bbox 1103 1322 1158 1394; baseline 0.055 -3"><span class='ocrx_word' id='word_1_3' title='bbox 1103 1322 1158 1394; x_wconf 90' lang='grc' dir='ltr'><strong>Ι.</strong></span> 
     </span>
    </p>
   </div>
   <div class='ocr_carea' id='block_1_4' title="bbox 373 1422 1862 3622">
    <p class='ocr_par' dir='ltr' id='par_1_4' title="bbox 376 1422 1595 1619">
     <span class='ocr_line' id='line_1_4' title="bbox 376 1422 1595 1533; baseline 0 -17"><span class='ocrx_word' id='word_1_4' title='bbox 376 1422 539 1518; x_wconf 84' lang='lat' dir='ltr'>Ibis</span> <span class='ocrx_word' id='word_1_5' title='bbox 583 1450 880 1515; x_wconf 88' lang='lat' dir='ltr'><strong>Liburnis</strong></span> <span class='ocrx_word' id='word_1_6' title='bbox 924 1450 1092 1515; x_wconf 89' lang='lat' dir='ltr'><strong>inter</strong></span> <span class='ocrx_word' id='word_1_7' title='bbox 1134 1451 1264 1514; x_wconf 88' lang='lat' dir='ltr'><strong>alta</strong></span> <span class='ocrx_word' id='word_1_8' title='bbox 1305 1452 1564 1516; x_wconf 88' lang='lat' dir='ltr'><strong>navium</strong></span> <span class='ocrx_word' id='word_1_9' title='bbox 1579 1501 1595 1533; x_wconf 92' lang='lat'>,</span> 
     </span>
     <span class='ocr_line' id='line_1_5' title="bbox 477 1535 1286 1619; baseline 0 -21"><span class='ocrx_word' id='word_1_10' title='bbox 477 1535 734 1617; x_wconf 85' lang='lat' dir='ltr'><strong>Amice,</strong></span> <span class='ocrx_word' id='word_1_11' title='bbox 777 1536 1286 1619; x_wconf 87' lang='lat' dir='ltr'><strong>propugnacula,</strong></span> 
     </span>
    </p>

    <p class='ocr_par' dir='ltr' id='par_1_5' title="bbox 374 1617 1609 1787">
     <span class='ocr_line' id='line_1_6' title="bbox 374 1617 1609 1702; baseline -0.001 -18"><span class='ocrx_word' id='word_1_12' title='bbox 374 1619 650 1684; x_wconf 82' lang='lat' dir='ltr'><strong>Paratus</strong></span> <span class='ocrx_word' id='word_1_13' title='bbox 695 1639 883 1683; x_wconf 89' lang='lat' dir='ltr'><strong>omne</strong></span> <span class='ocrx_word' id='word_1_14' title='bbox 926 1617 1214 1684; x_wconf 81' lang='lat' dir='ltr'>Caesaris</span> <span class='ocrx_word' id='word_1_15' title='bbox 1258 1618 1609 1702; x_wconf 90' lang='lat' dir='ltr'><strong>periculum</strong></span> 
     </span>
     <span class='ocr_line' id='line_1_7' title="bbox 479 1702 1319 1787; baseline -0.002 -19"><span class='ocrx_word' id='word_1_16' title='bbox 479 1702 733 1786; x_wconf 85' lang='lat' dir='ltr'><strong>Subire,</strong></span> <span class='ocrx_word' id='word_1_17' title='bbox 778 1702 1141 1787; x_wconf 88' lang='lat' dir='ltr'><strong>Maecenas,</strong></span> <span class='ocrx_word' id='word_1_18' title='bbox 1186 1705 1319 1767; x_wconf 77' lang='lat' dir='ltr'><strong>tuo,</strong></span> 
     </span>
    </p>

    <p class='ocr_par' dir='ltr' id='par_1_6' title="bbox 377 1786 1779 1956">
     <span class='ocr_line' id='line_1_8' title="bbox 377 1786 1779 1871; baseline 0 -20"><span class='ocrx_word' id='word_1_19' title='bbox 377 1787 551 1863; x_wconf 84' lang='lat' dir='ltr'>Quid</span> <span class='ocrx_word' id='word_1_20' title='bbox 592 1807 743 1868; x_wconf 71' lang='grc'><strong>1108,</strong></span> <span class='ocrx_word' id='word_1_21' title='bbox 788 1786 1016 1870; x_wconf 89' lang='lat' dir='ltr'><strong>quibus</strong></span> <span class='ocrx_word' id='word_1_22' title='bbox 1058 1789 1124 1850; x_wconf 93' lang='lat' dir='ltr'><strong>te</strong></span> <span class='ocrx_word' id='word_1_23' title='bbox 1166 1787 1301 1851; x_wconf 84' lang='lat' dir='ltr'><strong>vita</strong></span> <span class='ocrx_word' id='word_1_24' title='bbox 1343 1786 1397 1851; x_wconf 91' lang='lat' dir='ltr'><strong>si</strong></span> <span class='ocrx_word' id='word_1_25' title='bbox 1442 1786 1779 1871; x_wconf 71' lang='lat' dir='ltr'><strong>superstite</strong></span> 
     </span>
     <span class='ocr_line' id='line_1_9' title="bbox 476 1870 1489 1956; baseline 0.001 -23"><span class='ocrx_word' id='word_1_26' title='bbox 476 1870 789 1954; x_wconf 83' lang='lat' dir='ltr'><strong>Iucunda,</strong></span> <span class='ocrx_word' id='word_1_27' title='bbox 835 1871 890 1934; x_wconf 92' lang='lat' dir='ltr'><strong>si</strong></span> <span class='ocrx_word' id='word_1_28' title='bbox 933 1872 1185 1953; x_wconf 90' lang='lat' dir='ltr'><strong>contra,</strong></span> <span class='ocrx_word' id='word_1_29' title='bbox 1230 1870 1489 1956; x_wconf 78' lang='lat' dir='ltr'><strong>gravis?</strong></span> 
     </span>
    </p>

    <p class='ocr_par' dir='ltr' id='par_1_7' title="bbox 373 1954 1639 2123">
     <span class='ocr_line' id='line_1_10' title="bbox 373 1954 1639 2040; baseline -0.002 -19"><span class='ocrx_word' id='word_1_30' title='bbox 373 1954 695 2021; x_wconf 76' lang='lat' dir='ltr'><strong>Vtrumne</strong></span> <span class='ocrx_word' id='word_1_31' title='bbox 749 1954 903 2019; x_wconf 89' lang='lat' dir='ltr'><strong>iussi</strong></span> <span class='ocrx_word' id='word_1_32' title='bbox 944 1975 1395 2040; x_wconf 83' lang='lat' dir='ltr'><strong>persequemur</strong></span> <span class='ocrx_word' id='word_1_33' title='bbox 1438 1955 1639 2019; x_wconf 90' lang='lat' dir='ltr'><strong>otium</strong></span> 
     </span>
     <span class='ocr_line' id='line_1_11' title="bbox 476 2039 1516 2123; baseline -0.001 -18"><span class='ocrx_word' id='word_1_34' title='bbox 476 2039 630 2105; x_wconf 90' lang='lat' dir='ltr'><strong>Non</strong></span> <span class='ocrx_word' id='word_1_35' title='bbox 673 2039 884 2123; x_wconf 89' lang='lat' dir='ltr'><strong>dulce,</strong></span> <span class='ocrx_word' id='word_1_36' title='bbox 927 2040 996 2103; x_wconf 86' lang='lat' dir='ltr'><strong>ni</strong></span> <span class='ocrx_word' id='word_1_37' title='bbox 1039 2042 1250 2104; x_wconf 91' lang='lat' dir='ltr'><strong>tecum</strong></span> <span class='ocrx_word' id='word_1_38' title='bbox 1296 2040 1516 2122; x_wconf 89' lang='lat' dir='ltr'><strong>simul,</strong></span> 
     </span>
    </p>

    <p class='ocr_par' dir='ltr' id='par_1_8' title="bbox 376 2123 1774 2283">
     <span class='ocr_line' id='line_1_12' title="bbox 376 2123 1774 2208; baseline 0 -21"><span class='ocrx_word' id='word_1_39' title='bbox 376 2125 492 2188; x_wconf 90' lang='lat' dir='ltr'><strong>An</strong></span> <span class='ocrx_word' id='word_1_40' title='bbox 532 2123 705 2187; x_wconf 90' lang='lat' dir='ltr'><strong>hunc</strong></span> <span class='ocrx_word' id='word_1_41' title='bbox 746 2123 1047 2203; x_wconf 88' lang='lat' dir='ltr'><strong>laborem,</strong></span> <span class='ocrx_word' id='word_1_42' title='bbox 1069 2125 1284 2188; x_wconf 90' lang='lat' dir='ltr'><strong>mente</strong></span> <span class='ocrx_word' id='word_1_43' title='bbox 1327 2123 1546 2208; x_wconf 88' lang='lat' dir='ltr'><strong>laturi,</strong></span> <span class='ocrx_word' id='word_1_44' title='bbox 1594 2124 1774 2189; x_wconf 91' lang='lat' dir='ltr'><strong>decet</strong></span> 
     </span>
     <span class='ocr_line' id='line_1_13' title="bbox 477 2207 1527 2283; baseline 0.001 -13"><span class='ocrx_word' id='word_1_45' title='bbox 477 2207 618 2283; x_wconf 86' lang='lat' dir='ltr'><strong>Qua</strong></span> <span class='ocrx_word' id='word_1_46' title='bbox 659 2207 825 2271; x_wconf 87' lang='lat' dir='ltr'><strong>ferre</strong></span> <span class='ocrx_word' id='word_1_47' title='bbox 866 2228 1000 2271; x_wconf 91' lang='lat' dir='ltr'><strong>non</strong></span> <span class='ocrx_word' id='word_1_48' title='bbox 1042 2208 1270 2272; x_wconf 90' lang='lat' dir='ltr'><strong>molles</strong></span> <span class='ocrx_word' id='word_1_49' title='bbox 1314 2207 1527 2271; x_wconf 77' lang='lat' dir='ltr'><strong>viros?</strong></span> 
     </span>
    </p>

    <p class='ocr_par' dir='ltr' id='par_1_9' title="bbox 377 2290 1724 2458">
     <span class='ocr_line' id='line_1_14' title="bbox 377 2290 1724 2376; baseline 0.001 -21"><span class='ocrx_word' id='word_1_50' title='bbox 377 2291 711 2374; x_wconf 76' lang='lat' dir='ltr'><strong>FeremuS,</strong></span> <span class='ocrx_word' id='word_1_51' title='bbox 758 2293 822 2355; x_wconf 91' lang='lat' dir='ltr'><strong>et</strong></span> <span class='ocrx_word' id='word_1_52' title='bbox 863 2293 926 2355; x_wconf 87' lang='lat' dir='ltr'><strong>te</strong></span> <span class='ocrx_word' id='word_1_53' title='bbox 968 2292 1070 2355; x_wconf 85' lang='lat' dir='ltr'><strong>vel</strong></span> <span class='ocrx_word' id='word_1_54' title='bbox 1159 2312 1226 2355; x_wconf 87' lang='lat' dir='ltr'><strong>er</strong></span> <span class='ocrx_word' id='word_1_55' title='bbox 1268 2290 1532 2375; x_wconf 89' lang='lat' dir='ltr'><strong>Alpium</strong></span> <span class='ocrx_word' id='word_1_56' title='bbox 1573 2292 1724 2376; x_wconf 84' lang='lat' dir='ltr'><strong>iuga</strong></span> 
     </span>
     <span class='ocr_line' id='line_1_15' title="bbox 475 2374 1440 2458; baseline 0.001 -20"><span class='ocrx_word' id='word_1_57' title='bbox 475 2374 935 2458; x_wconf 88' lang='lat' dir='ltr'><strong>Inhospitalem</strong></span> <span class='ocrx_word' id='word_1_58' title='bbox 979 2377 1044 2439; x_wconf 93' lang='lat' dir='ltr'><strong>et</strong></span> <span class='ocrx_word' id='word_1_59' title='bbox 1141 2396 1440 2440; x_wconf 89' lang='lat' dir='ltr'><strong>aucasum</strong></span> 
     </span>
    </p>

    <p class='ocr_par' dir='ltr' id='par_1_10' title="bbox 377 2458 1862 2627">
     <span class='ocr_line' id='line_1_16' title="bbox 377 2458 1862 2543; baseline 0.001 -19"><span class='ocrx_word' id='word_1_60' title='bbox 377 2458 505 2524; x_wconf 89' lang='lat' dir='ltr'><strong>Vel</strong></span> <span class='ocrx_word' id='word_1_61' title='bbox 550 2458 911 2524; x_wconf 76' lang='lat' dir='ltr'><strong>Occidentis</strong></span> <span class='ocrx_word' id='word_1_62' title='bbox 954 2480 1151 2543; x_wconf 89' lang='lat' dir='ltr'><strong>usque</strong></span> <span class='ocrx_word' id='word_1_63' title='bbox 1196 2459 1275 2523; x_wconf 87' lang='lat' dir='ltr'><strong>ad</strong></span> <span class='ocrx_word' id='word_1_64' title='bbox 1318 2459 1610 2523; x_wconf 84' lang='lat' dir='ltr'><strong>ultimum</strong></span> <span class='ocrx_word' id='word_1_65' title='bbox 1655 2460 1862 2525; x_wconf 89' lang='lat' dir='ltr'><strong>sinum</strong></span> 
     </span>
     <span class='ocr_line' id='line_1_17' title="bbox 475 2542 1348 2627; baseline 0 -20"><span class='ocrx_word' id='word_1_66' title='bbox 475 2542 654 2607; x_wconf 86' lang='lat' dir='ltr'><strong>Forti</strong></span> <span class='ocrx_word' id='word_1_67' title='bbox 697 2563 1031 2626; x_wconf 89' lang='lat' dir='ltr'><strong>sequemur</strong></span> <span class='ocrx_word' id='word_1_68' title='bbox 1071 2545 1348 2627; x_wconf 82' lang='lat' dir='ltr'><strong>pectore.</strong></span> 
     </span>
    </p>

    <p class='ocr_par' dir='ltr' id='par_1_11' title="bbox 379 2624 1773 2712">
     <span class='ocr_line' id='line_1_18' title="bbox 379 2624 1773 2712; baseline 0.001 -21"><span class='ocrx_word' id='word_1_69' title='bbox 379 2624 480 2691; x_wconf 84' lang='lat' dir='ltr'><strong>Ro</strong></span> <span class='ocrx_word' id='word_1_70' title='bbox 530 2648 627 2709; x_wconf 78' lang='lat' dir='ltr'><strong>eS,</strong></span> <span class='ocrx_word' id='word_1_71' title='bbox 669 2629 850 2691; x_wconf 89' lang='lat' dir='ltr'><strong>tuum</strong></span> <span class='ocrx_word' id='word_1_72' title='bbox 893 2627 1110 2691; x_wconf 87' lang='lat' dir='ltr'><strong>labore</strong></span> <span class='ocrx_word' id='word_1_73' title='bbox 1154 2626 1307 2710; x_wconf 91' lang='lat' dir='ltr'><strong>quid</strong></span> <span class='ocrx_word' id='word_1_74' title='bbox 1349 2627 1557 2691; x_wconf 87' lang='lat' dir='ltr'><strong>iuvem</strong></span> <span class='ocrx_word' id='word_1_75' title='bbox 1599 2648 1773 2712; x_wconf 81' lang='lat' dir='ltr'><strong>mec,</strong></span> 
     </span>
    </p>

    <p class='ocr_par' dir='ltr' id='par_1_12' title="bbox 553 2710 1437 2795">
     <span class='ocr_line' id='line_1_19' title="bbox 553 2710 1437 2795; baseline 0 -21"><span class='ocrx_word' id='word_1_76' title='bbox 553 2710 740 2774; x_wconf 90' lang='lat' dir='ltr'><strong>bellis</strong></span> <span class='ocrx_word' id='word_1_77' title='bbox 784 2731 857 2775; x_wconf 90' lang='lat' dir='ltr'><strong>ac</strong></span> <span class='ocrx_word' id='word_1_78' title='bbox 899 2710 1117 2775; x_wconf 84' lang='lat' dir='ltr'><strong>firmus</strong></span> <span class='ocrx_word' id='word_1_79' title='bbox 1164 2710 1437 2795; x_wconf 78' lang='lat' dir='ltr'><strong>parum?</strong></span> 
     </span>
    </p>

    <p class='ocr_par' dir='ltr' id='par_1_13' title="bbox 382 2793 1738 2954">
     <span class='ocr_line' id='line_1_20' title="bbox 382 2793 1738 2879; baseline -0.001 -18"><span class='ocrx_word' id='word_1_80' title='bbox 382 2794 613 2861; x_wconf 84' lang='lat' dir='ltr'><strong>Comes</strong></span> <span class='ocrx_word' id='word_1_81' title='bbox 656 2793 902 2858; x_wconf 89' lang='lat' dir='ltr'><strong>minore</strong></span> <span class='ocrx_word' id='word_1_82' title='bbox 945 2816 1086 2859; x_wconf 90' lang='lat' dir='ltr'><strong>sum</strong></span> <span class='ocrx_word' id='word_1_83' title='bbox 1127 2794 1376 2859; x_wconf 84' lang='lat' dir='ltr'><strong>futurus</strong></span> <span class='ocrx_word' id='word_1_84' title='bbox 1420 2794 1489 2858; x_wconf 90' lang='lat' dir='ltr'><strong>in</strong></span> <span class='ocrx_word' id='word_1_85' title='bbox 1531 2798 1738 2879; x_wconf 85' lang='lat' dir='ltr'><strong>metu,</strong></span> 
     </span>
     <span class='ocr_line' id='line_1_21' title="bbox 475 2878 1443 2954; baseline 0 -11"><span class='ocrx_word' id='word_1_86' title='bbox 475 2878 596 2954; x_wconf 86' lang='lat' dir='ltr'><strong>Qui</strong></span> <span class='ocrx_word' id='word_1_87' title='bbox 640 2878 846 2943; x_wconf 88' lang='lat' dir='ltr'><strong>maior</strong></span> <span class='ocrx_word' id='word_1_88' title='bbox 888 2878 1181 2942; x_wconf 84' lang='lat' dir='ltr'><strong>absentes</strong></span> <span class='ocrx_word' id='word_1_89' title='bbox 1224 2878 1443 2943; x_wconf 86' lang='lat' dir='ltr'><strong>habet:</strong></span> 
     </span>
    </p>

    <p class='ocr_par' dir='ltr' id='par_1_14' title="bbox 385 2961 1661 3131">
     <span class='ocr_line' id='line_1_22' title="bbox 385 2961 1661 3058; baseline -0.001 -31"><span class='ocrx_word' id='word_1_90' title='bbox 385 2961 476 3028; x_wconf 91' lang='lat' dir='ltr'><strong>Vt</strong></span> <span class='ocrx_word' id='word_1_91' title='bbox 517 2962 811 3027; x_wconf 84' lang='lat' dir='ltr'><strong>adsidens</strong></span> <span class='ocrx_word' id='word_1_92' title='bbox 854 2962 1247 3046; x_wconf 89' lang='lat' dir='ltr'><strong>inplumibus</strong></span> <span class='ocrx_word' id='word_1_93' title='bbox 1289 2962 1481 3058; x_wconf 79' lang='lat' dir='ltr'><strong>pulh&#39;s</strong></span> <span class='ocrx_word' id='word_1_94' title='bbox 1527 2963 1661 3028; x_wconf 84' lang='lat' dir='ltr'><strong>avis</strong></span> 
     </span>
     <span class='ocr_line' id='line_1_23' title="bbox 475 3045 1444 3131; baseline -0.003 -19"><span class='ocrx_word' id='word_1_95' title='bbox 475 3045 878 3131; x_wconf 86' lang='lat' dir='ltr'><strong>Serpentium</strong></span> <span class='ocrx_word' id='word_1_96' title='bbox 921 3046 1216 3130; x_wconf 86' lang='lat' dir='ltr'><strong>adlapsus</strong></span> <span class='ocrx_word' id='word_1_97' title='bbox 1259 3048 1444 3110; x_wconf 89' lang='lat' dir='ltr'><strong>t1met</strong></span> 
     </span>
    </p>

    <p class='ocr_par' dir='ltr' id='par_1_15' title="bbox 386 3128 1588 3213">
     <span class='ocr_line' id='line_1_24' title="bbox 386 3128 1588 3213; baseline -0.001 -19"><span class='ocrx_word' id='word_1_98' title='bbox 386 3129 453 3194; x_wconf 90' lang='lat' dir='ltr'>M</span> <span class='ocrx_word' id='word_1_99' title='bbox 545 3130 594 3194; x_wconf 86' lang='lat' dir='ltr'><strong>&#39;s</strong></span> <span class='ocrx_word' id='word_1_100' title='bbox 638 3131 876 3194; x_wconf 88' lang='lat' dir='ltr'><strong>relictis</strong></span> <span class='ocrx_word' id='word_1_101' title='bbox 889 3176 908 3213; x_wconf 89' lang='lat'><em>,</em></span> <span class='ocrx_word' id='word_1_102' title='bbox 952 3151 1087 3194; x_wconf 90' lang='lat' dir='ltr'><strong>non</strong></span> <span class='ocrx_word' id='word_1_103' title='bbox 1128 3132 1223 3194; x_wconf 89' lang='lat' dir='ltr'><strong>uti</strong></span> <span class='ocrx_word' id='word_1_104' title='bbox 1268 3128 1353 3193; x_wconf 91' lang='lat' dir='ltr'><strong>sit</strong></span> <span class='ocrx_word' id='word_1_105' title='bbox 1395 3130 1588 3194; x_wconf 86' lang='lat' dir='ltr'><strong>auxili</strong></span> 
     </span>
    </p>

    <p class='ocr_par' dir='ltr' id='par_1_16' title="bbox 527 3213 1396 3298">
     <span class='ocr_line' id='line_1_25' title="bbox 527 3213 1396 3298; baseline 0 -21"><span class='ocrx_word' id='word_1_106' title='bbox 527 3217 711 3278; x_wconf 87' lang='lat' dir='ltr'><strong>atura</strong></span> <span class='ocrx_word' id='word_1_107' title='bbox 750 3214 895 3298; x_wconf 90' lang='lat' dir='ltr'><strong>plus</strong></span> <span class='ocrx_word' id='word_1_108' title='bbox 938 3213 1396 3297; x_wconf 67' lang='lat' dir='ltr'><strong>praesentibus</strong></span> 
     </span>
    </p>

    <p class='ocr_par' dir='ltr' id='par_1_17' title="bbox 383 3295 1608 3467">
     <span class='ocr_line' id='line_1_26' title="bbox 383 3295 1608 3363; baseline 0 -2"><span class='ocrx_word' id='word_1_109' title='bbox 383 3295 680 3363; x_wconf 87' lang='lat' dir='ltr'><strong>Libenter</strong></span> <span class='ocrx_word' id='word_1_110' title='bbox 721 3297 845 3362; x_wconf 92' lang='lat' dir='ltr'><strong>hoc</strong></span> <span class='ocrx_word' id='word_1_111' title='bbox 889 3300 955 3361; x_wconf 93' lang='lat' dir='ltr'><strong>et</strong></span> <span class='ocrx_word' id='word_1_112' title='bbox 997 3317 1184 3361; x_wconf 89' lang='lat' dir='ltr'><strong>omne</strong></span> <span class='ocrx_word' id='word_1_113' title='bbox 1227 3297 1608 3362; x_wconf 84' lang='lat' dir='ltr'><strong>militabitur</strong></span> 
     </span>
     <span class='ocr_line' id='line_1_27' title="bbox 472 3380 1570 3467; baseline 0 -22"><span class='ocrx_word' id='word_1_114' title='bbox 472 3380 725 3446; x_wconf 90' lang='lat' dir='ltr'><strong>Bellum</strong></span> <span class='ocrx_word' id='word_1_115' title='bbox 767 3382 838 3445; x_wconf 92' lang='lat' dir='ltr'><strong>in</strong></span> <span class='ocrx_word' id='word_1_116' title='bbox 878 3383 1027 3445; x_wconf 90' lang='lat' dir='ltr'><strong>tuae</strong></span> <span class='ocrx_word' id='word_1_117' title='bbox 1071 3402 1249 3464; x_wconf 90' lang='lat' dir='ltr'><strong>spem</strong></span> <span class='ocrx_word' id='word_1_118' title='bbox 1290 3382 1570 3467; x_wconf 83' lang='lat' dir='ltr'><strong>gratiae,</strong></span> 
     </span>
    </p>

    <p class='ocr_par' dir='ltr' id='par_1_18' title="bbox 381 3462 1612 3622">
     <span class='ocr_line' id='line_1_28' title="bbox 381 3462 1612 3549; baseline 0 -19"><span class='ocrx_word' id='word_1_119' title='bbox 381 3462 531 3530; x_wconf 89' lang='lat' dir='ltr'><strong>Non</strong></span> <span class='ocrx_word' id='word_1_120' title='bbox 572 3468 646 3529; x_wconf 93' lang='lat' dir='ltr'><strong>ut</strong></span> <span class='ocrx_word' id='word_1_121' title='bbox 687 3465 970 3530; x_wconf 85' lang='lat' dir='ltr'><strong>iuvencis</strong></span> <span class='ocrx_word' id='word_1_122' title='bbox 1013 3465 1285 3549; x_wconf 80' lang='lat' dir='ltr'><strong>inligata</strong></span> <span class='ocrx_word' id='word_1_123' title='bbox 1325 3465 1612 3548; x_wconf 86' lang='lat' dir='ltr'><strong>pluribus</strong></span> 
     </span>
     <span class='ocr_line' id='line_1_29' title="bbox 473 3549 1244 3622; baseline -0.001 -9"><span class='ocrx_word' id='word_1_124' title='bbox 473 3549 704 3613; x_wconf 86' lang='lat' dir='ltr'><strong>Aratra</strong></span> <span class='ocrx_word' id='word_1_125' title='bbox 744 3549 1034 3613; x_wconf 87' lang='lat' dir='ltr'><strong>nitantur</strong></span> <span class='ocrx_word' id='word_1_126' title='bbox 1074 3569 1244 3622; x_wconf 83' lang='lat' dir='ltr'><strong>mea,</strong></span> 
     </span>
    </p>
   </div>
   <div class='ocr_carea' id='block_1_5' title="bbox 2036 2222 2099 2271">
    <p class='ocr_par' dir='ltr' id='par_1_19' title="bbox 2036 2222 2099 2271">
     <span class='ocr_line' id='line_1_30' title="bbox 2036 2222 2099 2271; baseline 0 0"><span class='ocrx_word' id='word_1_127' title='bbox 2036 2222 2099 2271; x_wconf 85' lang='lat'><strong>10</strong></span> 
     </span>
    </p>
   </div>
   <div class='ocr_carea' id='block_1_6' title="bbox 2034 2640 2096 2690">
    <p class='ocr_par' dir='ltr' id='par_1_20' title="bbox 2034 2640 2096 2690">
     <span class='ocr_line' id='line_1_31' title="bbox 2034 2640 2096 2690; baseline 0 0"><span class='ocrx_word' id='word_1_128' title='bbox 2034 2640 2096 2690; x_wconf 77' lang='lat'><strong>15</strong></span> 
     </span>
    </p>
   </div>
   <div class='ocr_carea' id='block_1_7' title="bbox 2031 3059 2099 3109">
    <p class='ocr_par' dir='ltr' id='par_1_21' title="bbox 2031 3059 2099 3109">
     <span class='ocr_line' id='line_1_32' title="bbox 2031 3059 2099 3109; baseline 0.015 -1"><span class='ocrx_word' id='word_1_129' title='bbox 2031 3059 2099 3109; x_wconf 76' lang='lat'><strong>20</strong></span> 
     </span>
    </p>
   </div>
  </div>
 </body>
</html>
