2588 4046
514 252 632 317 172
1255 257 1680 315 SArmARvM
2273 255 2408 330 [11112

634 424 886 489 Primus
930 428 996 489 et
1037 423 1329 489 invenior
1369 423 1552 508 piper
1593 422 1810 488 album
1844 442 1987 487 cum
2032 421 2158 487 sale
2197 419 2371 504 nigro

509 520 574 571 75
639 508 960 573 Incretum
1001 509 1177 593 puris
1223 508 1748 592 circumposuisse
1793 507 2044 572 catillis.

635 592 967 658 Inmanest
1006 593 1227 658 vitium
1243 643 1263 676 ,
1310 592 1459 658 dare
1501 591 1680 657 milia
1723 593 1906 657 terna
1947 591 2213 656 macello

634 678 1055 762 Angustoque
1097 697 1298 762 vagos
1342 677 1550 761 pisces
1593 696 1864 774 urguere
1909 677 2141 741 catino,

636 761 874 846 Magna
915 764 1130 827 movet
1169 761 1497 826 stomacho
1542 760 1827 844 fastidia,
1872 781 1984 825 seu
2025 781 2183 844 puer
2222 759 2410 824 unctis

636 844 961 911 Tractavit
1003 845 1264 910 calicem
1318 845 1644 930 manibus,
1691 845 1844 910 dum
1894 845 2099 909 frusta
2151 843 2410 929 ligurrit,

510 940 577 992 80
635 928 781 994 Sive
825 930 1040 1015 gravis
1083 930 1282 995 veteri
1323 931 1600 995 craterae
1642 929 1834 994 limus
1878 928 2181 994 adhaesit.

634 1013 888 1079 Vilibus
929 1015 1001 1077 in
1044 1014 1285 1099 scopis,
1330 1015 1402 1078 in
1442 1014 1721 1098 mappis,
1764 1014 1841 1102 in
1879 1013 2069 1078 scobe
2113 1014 2373 1111 quantus

638 1097 951 1163 Consistit
993 1098 1325 1182 sumptus?
1380 1097 1446 1164 N
1448 1120 1481 1162 e
1530 1098 1742 1181 lectis,
1785 1097 2097 1183 flagitium
2143 1117 2377 1182 ingens.

634 1181 771 1247 Ten
812 1181 1056 1266 lapides
1098 1183 1307 1247 varios
1351 1182 1418 1247 lu
1516 1184 1666 1246 enta
1706 1181 1928 1247 radere
1969 1181 2215 1265 palma,

634 1265 722 1330 Et
762 1264 984 1349 Tyrias
1029 1266 1179 1331 dare
1224 1266 1463 1331 circum
1505 1266 1709 1331 inlota
1749 1266 1980 1330 toralia
2019 1269 2263 1348 vestes,

509 1362 573 1412 85
634 1348 949 1433 oblitum,
994 1353 1229 1433 quanto
1275 1371 1492 1415 curam
1536 1353 1982 1434 sumptumque
2026 1350 2333 1414 minorem

633 1432 810 1498 Haec
851 1433 1155 1517 habeant,
1198 1437 1381 1499 tanto
1425 1434 1805 1520 reprehendi
1847 1434 2074 1499 iustius
2119 1433 2279 1517 illis,

637 1517 810 1593 Quae
852 1518 979 1583 nisi
1024 1518 1323 1583 divitibus
1365 1521 1687 1602 nequeant
1715 1518 2085 1604 contingere
2123 1516 2354 1582 mensis
2364 1516 2414 1580 ’θ’

637 1601 865 1667 ‘Docte
910 1601 1082 1686 Cati,
1172 1624 1242 1667 er
1285 1603 1631 1668 amicitiam
1676 1602 1978 1685 divosque
2019 1605 2313 1688 rogatus,
2554 1683 2555 1686 Ἴ

634 1685 883 1751 Ducere
911 1707 1013 1751 me
1035 1625 1348 1771 auditum,
1376 1708 1605 1785 perges
1636 1707 2061 1784 quocumque,
2091 1686 2415 1751 memento.
2554 1693 2555 1732 ἒ

509 1782 574 1832 90
629 1769 798 1835 Nam
828 1771 1114 1854 quamvis
1141 1792 1412 1836 memori
1451 1771 1687 1836 referas
1716 1771 1874 1835 m1hi
1901 1772 2160 1854 pectore
2192 1771 2416 1851 cuncta,

632 1853 787 1919 Non
829 1857 1044 1919 tamen
1085 1855 1399 1940 interpres
1442 1855 1816 1920 tantundem
1859 1854 2108 1920 iuveris.
2187 1853 2362 1919 Adde

632 1937 904 2002 Voltum
916 1938 1204 2004 habitum
1248 1962 1329 2006 ue
1349 1939 1648 2025 hominis,
1673 1937 2192 2025 quemtuvidisse
2212 1937 2415 2002 beatus

630 2020 785 2088 Non
822 2045 888 2087 m
1018 2023 1043 2087 i
1083 2046 1209 2109 pen
1260 2025 1343 2110 's,
1388 2025 1538 2108 quia
1582 2025 1883 2110 contigit·
1929 2026 1997 2088 at
2037 2020 2202 2088 mihi
2245 2042 2383 2088 cura

631 2105 784 2171 Non
824 2129 926 2172 me
977 2108 1161 2174 'ocris
1204 2110 1401 2193 inest,
1447 2109 1657 2174 fontes
1700 2112 1772 2174 ut
1814 2074 1986 2173 adire
2028 2109 2310 2172 remotos

507 2202 572 2252 95
630 2190 843 2275 Atque
886 2192 1137 2259 haurire
1181 2215 1409 2278 queam
1449 2193 1619 2259 vitae
1662 2194 2003 2279 praecepta
2044 2192 2316 2257 beatae!

632 2613 796 2679 ‘Hoc
839 2636 1116 2700 quoque,
1161 2615 1431 2701 Tiresia,
1476 2621 1726 2701 praeter
1764 2619 2021 2683 narrata
2062 2616 2310 2702 petenti

627 2697 999 2783 Responde,
1044 2700 1271 2783 quibus
1317 2701 1582 2766 amissas
1624 2724 1692 2767 re
1740 2722 1917 2766 arare
2003 2723 2190 2766 ueam
2232 2722 2333 2766 res

628 2782 893 2847 Artibus
923 2787 1114 2867 atque
1144 2784 1371 2849 modis.
1432 2784 1598 2861 Quid
1625 2786 1681 2850 ri
1726 2807 1793 2850 es
1806 2786 1866 2849 P’
1930 2791 1949 2821 ‘
1990 2807 2175 2851 amne
2206 2785 2416 2850 doloso

626 2864 781 2930 Non
823 2868 977 2932 satis
1020 2871 1118 2933 est
1158 2867 1445 2933 Ithacam
1487 2869 1701 2934 revehi
1750 2869 2114 2953 patriosque
2156 2869 2418 2934 Penates

527 2958 560 3008 5
629 2949 765 3013 Ads
811 2950 1045 3016 icere?’
1105 2952 1184 3017 Ὀ
1228 2953 1393 3018 1111111
1435 2952 1579 3037 quic
1624 2975 1773 3019 uam
1801 2954 2095 3038 mentite,
2139 2952 2317 3018 vides
2354 2953 2420 3015 ut

625 3032 690 3098 N
690 2972 852 3098 udpus
880 3034 1191 3119 inopsque
1221 3036 1479 3102 domum
1501 2974 1755 3103 redeam
1772 3041 1838 3101 te
1867 3042 2034 3121 vate,
2065 3057 2273 3121 neque
2294 3035 2421 3133 illic

625 3117 761 3181 Aut
803 3119 1112 3202 apotheca
1154 3121 1366 3204 procis
1409 3121 1715 3186 intactast
1756 3126 1867 3189 aut
1907 3143 2131 3207 pecus:
2175 3123 2352 3204 atqui

623 3200 714 3266 Et
754 3223 959 3287 genus
1005 3206 1069 3269 et
1109 3205 1343 3288 virtue,
1395 3205 1522 3270 nisi
1567 3226 1711 3271 cum
1753 3227 1854 3289 re,
1899 3206 2087 3270 vilior
2129 3205 2380 3290 algast!

628 3284 919 3360 ‘Quando
961 3288 1331 3371 pauperiem
1374 3289 1584 3355 missis
1629 3289 2004 3375 ambagibus
2048 3288 2299 3371 horres,

506 3380 564 3431 ιο
627 3368 867 3452 Accipe
912 3391 1035 3454 qua
1075 3372 1325 3437 ratione
1411 3395 1562 3439 ueas
1606 3373 1932 3439 ditescere.
2022 3372 2270 3437 Turdus

624 3451 768 3517 Sive
811 3452 983 3518 aliud
1024 3454 1276 3539 privum
1321 3456 1404 3521 da
1446 3457 1576 3522 itur
1616 3458 1767 3542 tibi,
1814 3457 2064 3523 devolet
2105 3457 2286 3539 illuc,

626 3535 752 3601 Res
795 3536 906 3602 ubi
948 3559 1183 3623 magna
1225 3541 1392 3607 nitet
1436 3541 1695 3608 domino
1740 3562 1923 3628 sene3
1980 3540 2186 3606 dulcia
2227 3558 2415 3624 poma
2548 3600 2549 3623 Ξ
