2588 4046
192 243 282 315 ιι]
991 241 1207 296 LIBER
1248 242 1319 297 11.
1999 236 2116 302 159

190 405 401 486 Alter,
447 404 558 468 ubi
603 404 771 469 dicto
817 404 1002 469 citius
1046 406 1265 469 curata
1309 404 1521 487 sopori
2049 415 2116 466 80

188 489 481 553 Membra
502 488 693 571 dedit,
728 492 990 586 vegetus
1009 488 1403 572 praescripta
1422 487 1504 552 ad
1523 487 1743 552 munia
1764 487 1986 572 surgit.

186 573 310 638 Hic
337 577 559 638 tamen
580 572 662 637 ad
681 573 906 637 melius
933 572 1170 656 poterit
1188 575 1619 637 transcurrere
1649 572 1995 656 quondam3

188 656 332 722 Sive
380 657 549 721 diem
590 657 825 721 festum
867 657 1117 721 rediens
1161 656 1483 721 advexerit
1522 677 1727 721 annus
1740 705 1758 734 ,

186 740 310 807 Seu
355 761 642 806 recreare
685 741 858 805 volet
899 743 1231 805 tenuatum
1275 761 1504 824 corpus
1517 788 1536 824 ,
1579 739 1763 805 ubive

183 824 517 890 Accedent
559 826 742 908 anni,
788 828 855 889 et
895 825 1157 889 tractari
1199 824 1455 889 mollius
1500 827 1675 889 aetas
2044 836 2112 886 85

185 909 516 974 Imbecilla
556 910 755 994 volet3
799 909 919 973 tibi
964 908 1267 992 quidnam
1311 908 1570 973 accedet
1612 909 1693 972 ad
1734 907 1925 972 istam
1938 957 1958 991 ‚

186 993 394 1070 Quam
435 1014 594 1076 puer
637 995 704 1057 ct
745 992 988 1057 validus
1031 993 1385 1078 praesumis
1401 1043 1420 1074 ,
1465 991 1828 1074 mollitiem,
1874 1013 1986 1056 seu

185 1077 367 1142 Dura
406 1076 702 1142 valetudo
746 1076 1043 1141 inciderit
1085 1098 1198 1142 seu
1245 1076 1427 1140 tarda
1469 1076 1806 1141 senectus?

185 1160 543 1226 Rancidum
564 1183 788 1245 aprum
810 1162 1055 1244 antiqui
1076 1161 1441 1244 laudabant,
1469 1181 1603 1226 non
1624 1161 1773 1244 quia
1792 1181 1985 1225 nasus

185 1245 323 1310 Illis
345 1246 562 1310 nullus
584 1248 739 1342 erat!
763 1245 892 1328 sed,
927 1245 1132 1329 credo,
1156 1245 1279 1310 hac
1302 1248 1533 1328 mente,
1564 1245 1740 1330 quod⁸
1754 1244 1986 1328 hospes
2045 1257 2111 1307 90

186 1329 458 1394 Tardius
502 1328 847 1394 advemens
889 1329 1183 1394 vitiatum
1225 1329 1618 1394 commodius
1669 1350 1860 1413 quam

184 1413 520 1499 Integrum
550 1412 709 1477 edax
753 1413 1045 1477 dominus
1082 1416 1531 1562 oenmessefge
1573 1412 1712 1478 Hos
1740 1414 1985 1478 utinam

1399 1520 1470 1562 1n
1532 1520 1565 1561 r

182 1582 433 1647 Heroas
476 1585 700 1647 natum
743 1581 931 1647 tellus
974 1604 1076 1647 me
1119 1583 1328 1666 prima
1367 1582 1646 1647 tulisset!

179 1665 317 1731 Das
361 1665 601 1750 aliquid
642 1666 877 1749 famae,
924 1687 1082 1749 quae
1126 1666 1407 1730 carmine
1447 1666 1691 1751 gratior
1722 1687 1943 1730 aurem

183 1750 360 1817 Occu
406 1753 473 1815 et
511 1749 900 1814 humanam?
979 1749 1266 1816 Grandes
1308 1750 1564 1814 rhombi
1604 1749 1984 1833 patinaeque
2043 1764 2108 1812 95

182 1835 362 1900 Gran
406 1855 442 1899 e
484 1835 701 1899 ferunt
739 1855 868 1898 una
909 1855 1054 1900 cum
1097 1834 1329 1898 damno
1373 1833 1663 1898 dedecus·
1735 1833 1920 1898 Adde

178 1918 428 1984 Iratum
468 1922 766 2003 patruum
778 1967 798 2001 ‚
841 1918 1082 1983 vicinos
1095 1967 1113 2001 ,
1164 1921 1229 1982 te
1271 1918 1394 1982 tibi
1436 1918 1725 2015 iniquum

179 2003 269 2069 Et
310 2003 553 2068 frustra
592 2003 817 2068 mortis
861 2001 1189 2087 cupidum,
1235 2022 1380 2067 cum
1423 2001 1587 2067 dent
1630 2002 1844 2088 egenti

180 2091 274 2153 As
287 2137 308 2172 ‚
357 2088 569 2172 laquei
609 2088 908 2171 pretium.
984 2087 1177 2152 ‘Iure'
1222 2088 1434 2171 inquit
1475 2086 1799 2151 ‘Transius
1842 2087 1983 2152 istis

178 2172 482 2269 Iurgatur
524 2172 765 2256 verbis3
812 2192 931 2256 ego
976 2172 1318 2256 vectigalia
1358 2192 1593 2256 magna
2014 2187 2111 2235 100

179 2256 580 2339 Divitia-sque
622 2254 826 2320 habeo
868 2255 1072 2320 tribus
1117 2256 1361 2339 amplas
1404 2255 1706 2340 regibus?
1793 2256 1969 2353 Ergo

182 2340 367 2417 Quod
399 2342 657 2424 superat
684 2360 818 2404 non
846 2343 943 2405 est
969 2339 1197 2404 melius
1226 2360 1353 2423 quo
1383 2340 1699 2405 insumere
1774 2340 1982 2405 ossis?

181 2424 312 2491 Cur
357 2427 506 2509 eget
546 2423 849 2509 indignus
894 2424 1228 2507 quisquam
1268 2426 1333 2487 te
1379 2423 1617 2488 divite?
1765 2445 1913 2488 uare

180 2508 453 2593 Templa
471 2511 665 2572 ruunt
692 2508 953 2591 antiqua
982 2506 1212 2572 deum?
1270 2507 1430 2590 Cur,
1460 2508 1757 2591 inprobe,
1802 2528 1983 2572 carae

179 2593 337 2659 Non
379 2591 621 2689 aliquid
662 2592 906 2676 patriae
947 2594 1130 2656 tanto
1175 2591 1454 2656 emetiris
1499 2591 1768 2656 acervo?
2013 2604 2108 2654 105

178 2677 311 2741 Vni
355 2676 659 2741 nimirum
701 2676 821 2740 tibi
863 2678 1036 2741 recte
1082 2697 1330 2760 semper
1374 2678 1559 2740 erunt
1599 2696 1720 2740 res.

182 2762 236 2827 O
281 2782 558 2845 magnus
601 2759 871 2843 posthac
911 2760 1189 2824 inimicis
1231 2759 1424 2824 risus!
1491 2758 1733 2824 Vterne

179 2845 285 2909 Ad
332 2865 517 2909 casus
561 2843 788 2908 dubios
830 2843 985 2908 fidet
1027 2844 1150 2908 sibi
1194 2843 1470 2909 certius?
1526 2842 1632 2908 hic
1678 2844 1785 2927 qui

181 2929 483 2993 Pluribus
527 2928 809 2993 adsuerit
850 2930 1130 2993 mentem
1174 2948 1527 3012 corpusque
1570 2928 1940 3014 superbum,

181 3015 292 3078 An
335 3013 443 3097 qui
490 3014 828 3077 contentus
869 3033 1066 3096 parvo
1110 3015 1524 3095 metuensque
1566 3008 1779 3077 futuri
2012 3027 2111 3077 110

183 3096 264 3162 In
307 3117 493 3183 pace,
539 3101 612 3161 ut
655 3097 938 3181 sapiens,
985 3097 1217 3180 aptarit
1258 3095 1490 3161 idonea
1530 3096 1746 3161 bello‘?

186 3180 326 3258 Quo
383 3181 593 3265 magis
648 3180 751 3245 his
811 3180 1058 3264 credas,
1125 3202 1284 3265 puer
1340 3180 1511 3330 hudifc
1522 3201 1687 3328 llego
1750 3202 1983 3266 parvus

1487 3286 1520 3329 e
1572 3287 1680 3329 um

184 3349 465 3434 Integris
511 3349 739 3433 opibus
782 3350 932 3414 novi
974 3369 1107 3413 non
1149 3349 1340 3413 latius
1382 3371 1599 3433 usum,

184 3433 387 3509 Quam
427 3454 599 3498 nunc
642 3433 884 3499 accisis.
972 3431 1208 3498 Videas
1251 3436 1490 3498 metato
1534 3434 1605 3497 in
1646 3434 1856 3518 agello

186 3516 351 3585 Cum
391 3538 620 3602 pecore
665 3521 729 3583 et
770 3518 985 3604 gnatis
1027 3517 1260 3583 fortem
1302 3517 1589 3583 mercede
1633 3518 1958 3599 colonum,
2011 3530 2108 3579 115
