2588 4046
488 270 606 335 166
1235 271 1660 328 summm
2295 268 2407 339 sm„

488 449 585 500 190
612 436 842 501 Dicere
928 433 1056 499 uod
1100 433 1299 499 sentit
1338 434 1685 517 permitto?
1773 432 2075 496 ‘Maxime
2117 451 2370 516 regum,

609 520 695 585 Di
738 520 860 585 tibi
946 521 1056 584 ent
1099 520 1287 602 capta
1330 518 1598 582 classem
1640 515 1949 582 deducere
1990 515 2200 580 Troia.

608 604 787 689 Ergo
833 603 1162 668 consulere
1207 604 1273 666 et
1312 622 1463 666 mox
1505 600 1890 685 respondere
1934 599 2224 665 licebit?

610 687 959 754 ‘Consule'
1048 685 1204 752 ‘Cur
1243 686 1412 750 Aiax
1452 685 1642 750 heros
1686 685 1767 749 ab
1801 684 2055 749 Achille
2101 681 2411 748 secundus

609 772 897 837 Putescit
907 820 925 855 ,
968 771 1207 836 totiens
1250 769 1517 834 servatis
1562 769 1769 834 clarus
1813 767 2108 851 Achivis,

490 871 583 920 195
615 856 907 921 Gaudeat
933 858 1007 920 ut
1042 854 1315 939 populus
1343 853 1581 918 Priami
1608 852 2024 935 Priamusque
2051 850 2413 934 inhumato,

610 941 735 1006 Per
777 961 965 1024 quem
1004 941 1106 1004 tot
1146 939 1407 1004 iuvenes
1450 937 1657 1021 patrio
1704 957 1961 1001 caruere
2007 936 2306 1019 sepulcro
2317 935 2374 999 ‘P’

612 1025 816 1089 ‘Mille
847 1024 1060 1089 ovium
1089 1024 1351 1087 insanus
1379 1021 1574 1085 morti
1602 1019 1808 1104 dedit,
1836 1020 2132 1085 inclitum
2157 1018 2416 1084 Vlixem

609 1109 696 1175 Et
730 1108 1092 1176 Menelaum
1137 1128 1264 1171 una
1307 1127 1556 1170 mecum
1598 1126 1666 1169 se
1711 1104 1998 1169 occidere
2041 1104 2376 1169 clamans?

611 1193 733 1257 ‘Tu
777 1214 922 1257 cum
963 1212 1079 1275 pro
1122 1191 1324 1257 vitula
1366 1190 1592 1255 statuis
1637 1188 1887 1254 dulcem
1920 1187 2153 1252 Aulide
2197 1191 2417 1252 natam

485 1291 586 1341 200
614 1279 784 1341 Ante
827 1298 970 1340 aras
1007 1275 1381 1373 spargisque
1408 1276 1581 1339 mola
1609 1275 1829 1357 caput,
1872 1272 1943 1336 in
1984 1271 2171 1350 robe,
2219 1273 2392 1337 salsa

609 1361 881 1426 Rectum
931 1381 1128 1424 amm1
1181 1358 1440 1423 servas?
1510 1357 1873 1435 Quorsum?
2132 1378 2209 1421 us
2266 1378 2379 1441 qui

1701 1442 1874 1506 enim
1915 1441 2083 1505 Aiax

610 1529 834 1595 Fecit?
902 1528 1064 1595 Cum
1108 1528 1336 1593 stravit
1374 1528 1545 1592 ferro
1588 1547 1781 1610 pecus
1796 1575 1814 1610 ,
1859 1524 2172 1590 abstinuit
2213 1526 2352 1590 vim

610 1614 825 1679 onre
869 1616 933 1678 et
973 1616 1203 1699 gnat03
1248 1612 1419 1676 mala
1457 1611 1660 1676 multa
1701 1613 1994 1695 precatus
2036 1610 2289 1675 Atridis
2302 1660 2322 1694 ,

612 1697 767 1764 Non
803 1698 914 1762 ille
943 1700 1053 1762 aut
1085 1696 1399 1762 Teucrum
1428 1699 1539 1760 aut
1580 1696 1790 1779 ipsum
1818 1694 2080 1760 violavit
2106 1693 2415 1759 Vlixem!

488 1795 588 1846 205
619 1782 884 1847 ‘Verum
928 1802 1080 1868 ego,
1124 1783 1199 1845 ut
1239 1780 1574 1845 haerentes
1618 1779 1883 1844 adverso
1927 1779 2113 1843 litore
2156 1800 2359 1844 naves

611 1866 944 1951 Eriperem
954 1915 974 1950 ,
1017 1864 1296 1949 prudens
1338 1864 1588 1949 placavi
1629 1864 1939 1949 sanguine
1983 1862 2213 1927 divos.'

614 1950 888 2036 ‘Nempe
929 1953 1073 2035 tuo,
1115 1948 1426 2013 furiose?
1502 1947 1703 2033 ‘Meo,
1750 1947 1861 2013 sed
1902 1967 2037 2011 non
2089 1947 2413 2013 furiosus'

612 2035 760 2112 ‘Qui
803 2035 1044 2120 species
1088 2035 1246 2098 alias
1288 2035 1454 2098 veris
1493 2034 1906 2115 †scelerisque
1949 2029 2232 2094 tumultu

611 2120 965 2185 Permixtas
1011 2119 1244 2203 capiet,
1290 2121 1646 2183 commotus
1688 2117 2054 2200 habebitur,
2099 2119 2295 2201 atque

486 2215 588 2268 210
618 2203 983 2269 Stultitiane
1028 2204 1223 2285 erret,
1266 2202 1540 2266 nihilum
1583 2201 1874 2285 distabit,
1919 2223 2004 2266 an
2045 2201 2157 2265 ira.

611 2288 781 2352 Aiax
823 2308 967 2351 cum
1009 2287 1342 2351 inmeritos
1385 2285 1620 2350 occidit
1697 2285 1833 2350 desi
1877 2285 1931 2350 it
1970 2305 2210 2371 agnos3

613 2370 777 2438 Cum
817 2371 1094 2455 prudens
1139 2370 1344 2435 scelus
1388 2370 1471 2434 ob
1513 2369 1736 2434 titulos
1933 2370 2063 2434 'ttis
2106 2369 2369 2453 inanes,

614 2454 760 2522 Stas
790 2456 1002 2520 animo
1034 2457 1099 2520 et
1139 2456 1431 2538 purumst
1470 2454 1625 2519 vitio
1655 2453 1777 2519 tibi
1785 2475 1995 2602 ,?cum
2035 2453 2419 2518 tumidumst

1700 2559 1810 2603 cor
1858 2544 1878 2573 ⁹

614 2624 826 2709 Siquis
868 2625 1096 2689 lectica
1137 2623 1407 2688 nitidam
1451 2625 1701 2709 gestare
1744 2626 1918 2688 amet
1958 2644 2222 2708 agnam,

486 2722 585 2772 215
614 2709 783 2774 Huic
798 2711 1040 2773 vestem
1055 2710 1130 2773 ut
1148 2710 1383 2804 gnatae
1410 2711 1610 2791 paret,
1642 2708 1906 2772 ancillas
1936 2710 2138 2792 paret,
2168 2729 2415 2791 aurum,

609 2793 846 2877 Rufam
889 2795 998 2856 aut
1038 2791 1347 2856 Posillam
1389 2790 1469 2855 ad
1516 2791 1666 2856 ellet
1705 2792 1984 2876 fortique
2027 2792 2258 2856 marito

610 2876 908 2941 Destinet
934 2896 1228 2940 uxorem:
1272 2876 1441 2939 inter
1489 2876 1612 2940 ‘cto
1650 2875 1801 2941 huic
1830 2897 2019 2941 omne
2049 2876 2288 2940 adimat
2314 2876 2416 2940 ius

610 2960 875 3025 Praetor
917 2963 981 3024 et
1024 2959 1106 3023 ad
1149 2980 1336 3024 sanos
1379 2959 1567 3024 abeat
1606 2962 1810 3025 tutela
1850 2961 2267 3045 propinquos.

612 3043 807 3128 Quid,
853 3044 1050 3128 siquis
1093 3046 1356 3129 gnatam
1443 3064 1515 3108 ro
1558 3048 1737 3109 muta
1779 3044 2045 3109 devovet
2086 3064 2283 3128 agna,

484 3141 587 3192 220
613 3127 875 3214 Integer
916 3130 1015 3193 est
1055 3128 1296 3192 animi?
1360 3066 1463 3194 bfo
1506 3129 1758 3194 dixeris.
1843 3127 2021 3213 Ergo
2066 3127 2177 3192 ubi
2218 3147 2417 3211 prava

614 3212 925 3296 Stultitia,
968 3212 1074 3277 hic
1117 3215 1428 3278 summast
1467 3213 1745 3298 insania3
1791 3212 1901 3295 qui
1944 3212 2313 3293 sceleratus»,

610 3296 700 3362 Et
739 3297 1018 3361 furiosus
1063 3296 1209 3382 erit3
1256 3319 1444 3381 quem
1489 3297 1659 3381 cepit
1700 3297 1904 3361 vitrea
1943 3296 2144 3380 fama,

611 3380 803 3445 Hunc
847 3381 1300 3446 circumtonuit
1340 3380 1626 3467 gaudens
1669 3380 1942 3445 Bellona
1986 3380 2280 3445 cruentis.

611 3463 804 3531 Nunc
825 3486 963 3551 age,
985 3466 1303 3530 luxuriam
1325 3469 1391 3530 et
1404 3465 1882 3532 Nomentanum
1902 3465 2111 3548 arripe
2129 3483 2411 3528 mecum:

485 3560 584 3610 225
613 3546 847 3614 Vincet
889 3549 1059 3613 enim
1103 3549 1333 3616 stultos
1375 3549 1539 3614 ratio
1584 3549 1865 3614 insanire
1906 3551 2190 3634 nepotes.
