2588 4046
174 234 287 310 mu

902 234 1116 291 LIBER
1157 233 1256 293 ΙΙΙ.

995 414 1160 491 ΠΠ.

380 548 706 616 Descende
751 548 925 615 eaelo
971 550 1036 611 et
1078 546 1179 611 dio
1223 567 1342 632 age
1383 546 1541 612 tibia

381 633 629 784 Regina
670 634 938 718 longum
984 629 1272 729 Calliope
1314 631 1544 714 melos,

516 740 595 784 eu
638 738 794 782 voce
834 737 1006 781 nuno
1047 736 1250 780 mans
1296 718 1481 779 acuta

573 800 697 868 Seu
740 799 972 865 fidibus
1017 798 1382 882 citharaque
1426 763 1691 865 Phoebi.

385 935 664 1018 Auditis,
708 955 792 1000 an
834 956 936 999 me
980 933 1142 998 ludit
1183 932 1476 998 amabilis

385 1018 682 1084 Insania?
769 1018 1009 1084 Audire
1055 1020 1120 1083 ei
1160 1017 1380 1082 videor
1421 1017 1562 1101 pios

473 1102 704 1168 Errare
747 1124 861 1187 per
903 1103 1110 1185 lucos,
1156 1121 1459 1166 amoenae

576 1187 748 1263 Quos
795 1189 859 1251 et
901 1206 1101 1269 aquae
1146 1185 1421 1250 subeunt
1463 1187 1528 1249 et
1570 1203 1777 1249 aurae.

388 1319 489 1387 Me
533 1321 860 1387 fabulosae
903 1320 1172 1387 Vosture
1215 1319 1286 1384 in
1328 1319 1541 1417 Apulo

388 1404 645 1470 Altriois
688 1407 869 1471 extra
910 1405 1107 1471 lisnen
1148 1406 1190 1486 †
1211 1403 1487 1487 Apuliae

475 1488 652 1554 Ludo
695 1488 1160 1575 fatigatumque
1202 1507 1429 1552 somno

577 1572 828 1638 Fronde
871 1592 1040 1638 nova
1081 1592 1348 1656 puerum
1390 1569 1722 1655 palumbes

390 1705 621 1773 'rexere
631 1756 650 1790 ,
694 1707 926 1772 mirum
969 1705 1139 1790 quod
1181 1704 1349 1772 foret
1391 1705 1717 1788 omnibus,

392 1789 776 1874 Quicumque
821 1791 1026 1856 celsae
1067 1789 1291 1855 nidum
1334 1788 1758 1854 Acherontiae

480 1874 815 1958 Saltusque
857 1873 1171 1939 Bantinos
1215 1876 1280 1938 et
1324 1894 1543 1937 arvum

578 1958 823 2046 Pingue
866 1960 1090 2023 tenent
1130 1955 1388 2021 humilis
1433 1955 1724 2043 Forenti,

393 2092 478 2158 Vt
515 2096 654 2158 tuto
701 2093 782 2158 ab
828 2092 981 2158 atris
1028 2113 1289 2177 corpore
1333 2091 1567 2176 viperis

391 2175 746 2243 Dormirem
791 2181 854 2241 ei.
896 2176 1086 2261 ursis,
1132 2178 1203 2242 ut
1246 2196 1565 2260 premerer
1608 2196 1789 2242 saera

479 2261 809 2345 Lauroque
855 2261 1228 2344 conlataque
1270 2263 1479 2343 myrto
1487 2308 1509 2357 Ι

581 2344 735 2410 Non
779 2344 917 2409 sine
962 2344 1059 2408 dis
1103 2344 1428 2408 animosus
1481 2343 1712 2408 infans.

393 2477 643 2562 Vester,
688 2477 1035 2561 Camenae,
1081 2480 1289 2543 vester
1329 2477 1399 2542 in
1442 2477 1670 2542 arduos

394 2560 606 2628 Tollor
649 2562 948 2645 Sabinos,
994 2583 1105 2626 seu
1146 2560 1305 2625 mihi
1348 2560 1653 2646 frigidum

481 2646 822 2712 Praeneste
865 2666 978 2710 seu
1019 2644 1218 2710 Tibur
1261 2645 1558 2729 supinum

582 2729 707 2796 Seu
751 2728 1027 2814 liquidae
1070 2729 1363 2814 placuere
1407 2727 1623 2794 Baiae.

395 2862 634 2929 Vestris
677 2863 953 2929 amioum
1005 2864 1288 2928 fontibus
1335 2865 1400 2928 et
1442 2862 1654 2928 choris

396 2945 454 3012 N
456 2968 539 3012 on
582 2970 684 3013 me
727 2947 1041 3032 Philippis
1086 2968 1269 3012 versa
1313 2947 1480 3012 acies
1525 2949 1726 3031 retro,

485 3030 732 3098 Devota
771 3051 905 3097 non
950 3031 1220 3096 extinxit
1267 3031 1483 3113 arbos,

579 3115 719 3181 Neo
762 3114 974 3181 Sicula
1017 3114 1352 3180 Palinurus
1396 3115 1585 3179 unda.

397 3247 745 3335 Vtcumque
788 3271 1036 3315 meeum
1078 3271 1192 3316 vos
1237 3249 1413 3316 eritis
1427 3297 1443 3330 ,
1490 3248 1695 3314 libens

401 3330 823 3400 Insanientem
864 3334 1082 3399 navita
1124 3332 1527 3418 Bosphorum

483 3416 834 3517 Temptabo
881 3421 945 3484 et
985 3420 1241 3483 urentes
1285 3437 1512 3482 arenas

579 3502 816 3569 latoris
859 3501 1111 3587 Assyrii
1153 3503 1392 3587 viator3

1994 1413 2054 1463 10

1996 1885 2053 1934 1⁶

1990 2354 2057 2403 20

1995 3343 2061 3393 30
