<?xml version="1.0" encoding="UTF-8"?>
<!DOCTYPE html PUBLIC "-//W3C//DTD XHTML 1.0 Transitional//EN"
    "http://www.w3.org/TR/xhtml1/DTD/xhtml1-transitional.dtd">
<html xmlns="http://www.w3.org/1999/xhtml" xml:lang="en" lang="en">
 <head>
  <title>
</title>
<meta http-equiv="Content-Type" content="text/html;charset=utf-8" />
  <meta name='ocr-system' content='tesseract 3.04.00' />
  <meta name='ocr-capabilities' content='ocr_page ocr_carea ocr_par ocr_line ocrx_word'/>
</head>
<body>
  <div class='ocr_page' id='page_1' title='image "./qvaleriicatulli03catugoog_0378.png"; bbox 0 0 2588 4046; ppageno 0'>
   <div class='ocr_carea' id='block_1_1' title="bbox 463 178 2390 295">
    <p class='ocr_par' dir='ltr' id='par_1_1' title="bbox 463 178 2390 295">
     <span class='ocr_line' id='line_1_1' title="bbox 463 178 2390 295; baseline -0.003 -8"><span class='ocrx_word' id='word_1_1' title='bbox 463 224 586 287; x_wconf 84' lang='lat'>174</span> <span class='ocrx_word' id='word_1_2' title='bbox 1206 225 1630 281; x_wconf 65' lang='lat' dir='ltr'>sumam</span> <span class='ocrx_word' id='word_1_3' title='bbox 1806 178 1818 190; x_wconf 71' lang='grc'><strong><em>’</em></strong></span> <span class='ocrx_word' id='word_1_4' title='bbox 2294 221 2390 295; x_wconf 70' lang='lat' dir='ltr'>w.</span> 
     </span>
    </p>
   </div>
   <div class='ocr_carea' id='block_1_2' title="bbox 455 386 2395 1990">
    <p class='ocr_par' dir='ltr' id='par_1_2' title="bbox 458 386 2170 471">
     <span class='ocr_line' id='line_1_2' title="bbox 458 386 2170 471; baseline -0.001 -18"><span class='ocrx_word' id='word_1_5' title='bbox 458 403 526 453; x_wconf 73' lang='lat'>50</span> <span class='ocrx_word' id='word_1_6' title='bbox 586 390 666 455; x_wconf 93' lang='lat' dir='ltr'>In</span> <span class='ocrx_word' id='word_1_7' title='bbox 706 410 974 455; x_wconf 83' lang='lat' dir='ltr'>vacuum</span> <span class='ocrx_word' id='word_1_8' title='bbox 1014 388 1262 454; x_wconf 83' lang='lat' dir='ltr'>venias:</span> <span class='ocrx_word' id='word_1_9' title='bbox 1307 408 1564 471; x_wconf 88' lang='lat' dir='ltr'>perraro</span> <span class='ocrx_word' id='word_1_10' title='bbox 1606 386 1764 452; x_wconf 89' lang='lat' dir='ltr'>haec</span> <span class='ocrx_word' id='word_1_11' title='bbox 1806 388 1945 452; x_wconf 87' lang='lat' dir='ltr'>alea</span> <span class='ocrx_word' id='word_1_12' title='bbox 1985 387 2170 461; x_wconf 86' lang='lat' dir='ltr'>fallit.</span> 
     </span>
    </p>

    <p class='ocr_par' dir='ltr' id='par_1_3' title="bbox 582 470 2349 811">
     <span class='ocr_line' id='line_1_3' title="bbox 586 470 2347 557; baseline -0.003 -18"><span class='ocrx_word' id='word_1_13' title='bbox 586 474 708 550; x_wconf 86' lang='lat' dir='ltr'>Qui</span> <span class='ocrx_word' id='word_1_14' title='bbox 751 475 1205 538; x_wconf 84' lang='lat' dir='ltr'>testamentum</span> <span class='ocrx_word' id='word_1_15' title='bbox 1246 472 1457 537; x_wconf 88' lang='lat' dir='ltr'>tradet</span> <span class='ocrx_word' id='word_1_16' title='bbox 1497 472 1616 536; x_wconf 85' lang='lat' dir='ltr'>tibi</span> <span class='ocrx_word' id='word_1_17' title='bbox 1659 493 1927 556; x_wconf 92' lang='lat' dir='ltr'>cumque</span> <span class='ocrx_word' id='word_1_18' title='bbox 1970 470 2347 557; x_wconf 83' lang='lat' dir='ltr'>legendum,</span> 
     </span>
     <span class='ocr_line' id='line_1_4' title="bbox 582 556 2213 638; baseline -0.002 -16"><span class='ocrx_word' id='word_1_19' title='bbox 582 558 882 622; x_wconf 90' lang='lat' dir='ltr'>Abnuere</span> <span class='ocrx_word' id='word_1_20' title='bbox 928 560 993 622; x_wconf 89' lang='lat' dir='ltr'>et</span> <span class='ocrx_word' id='word_1_21' title='bbox 1033 556 1282 622; x_wconf 84' lang='lat' dir='ltr'>tabulas</span> <span class='ocrx_word' id='word_1_22' title='bbox 1327 578 1366 621; x_wconf 93' lang='lat' dir='ltr'>a</span> <span class='ocrx_word' id='word_1_23' title='bbox 1406 558 1471 621; x_wconf 90' lang='lat' dir='ltr'>te</span> <span class='ocrx_word' id='word_1_24' title='bbox 1500 576 1823 621; x_wconf 85' lang='lat' dir='ltr'>removere</span> <span class='ocrx_word' id='word_1_25' title='bbox 1862 557 2213 638; x_wconf 88' lang='lat' dir='ltr'>memento,</span> 
     </span>
     <span class='ocr_line' id='line_1_5' title="bbox 583 638 2349 726; baseline -0.003 -19"><span class='ocrx_word' id='word_1_26' title='bbox 583 640 689 707; x_wconf 87' lang='lat' dir='ltr'>Sic</span> <span class='ocrx_word' id='word_1_27' title='bbox 731 644 979 726; x_wconf 84' lang='lat' dir='ltr'>tamen,</span> <span class='ocrx_word' id='word_1_28' title='bbox 1023 643 1096 705; x_wconf 88' lang='lat' dir='ltr'>ut</span> <span class='ocrx_word' id='word_1_29' title='bbox 1138 641 1308 706; x_wconf 90' lang='lat' dir='ltr'>limis</span> <span class='ocrx_word' id='word_1_30' title='bbox 1351 641 1559 725; x_wconf 88' lang='lat' dir='ltr'>rapias</span> <span class='ocrx_word' id='word_1_31' title='bbox 1571 689 1591 723; x_wconf 91' lang='lat'><strong><em>,</em></strong></span> <span class='ocrx_word' id='word_1_32' title='bbox 1635 640 1788 723; x_wconf 92' lang='lat' dir='ltr'>quid</span> <span class='ocrx_word' id='word_1_33' title='bbox 1829 640 2037 724; x_wconf 86' lang='lat' dir='ltr'>prima</span> <span class='ocrx_word' id='word_1_34' title='bbox 2066 638 2349 704; x_wconf 87' lang='lat' dir='ltr'>secundo</span> 
     </span>
     <span class='ocr_line' id='line_1_6' title="bbox 583 723 2101 811; baseline -0.002 -20"><span class='ocrx_word' id='word_1_35' title='bbox 583 725 745 792; x_wconf 80' lang='lat' dir='ltr'>Cera</span> <span class='ocrx_word' id='word_1_36' title='bbox 784 726 942 791; x_wconf 85' lang='lat' dir='ltr'>velit</span> <span class='ocrx_word' id='word_1_37' title='bbox 982 747 1199 811; x_wconf 82' lang='lat' dir='ltr'>versu3</span> <span class='ocrx_word' id='word_1_38' title='bbox 1244 725 1419 790; x_wconf 90' lang='lat' dir='ltr'>solus</span> <span class='ocrx_word' id='word_1_39' title='bbox 1462 724 1764 788; x_wconf 85' lang='lat' dir='ltr'>multisne</span> <span class='ocrx_word' id='word_1_40' title='bbox 1808 723 2101 808; x_wconf 84' lang='lat' dir='ltr'>coheres,</span> 
     </span>
    </p>

    <p class='ocr_par' dir='ltr' id='par_1_4' title="bbox 455 808 2348 1064">
     <span class='ocr_line' id='line_1_7' title="bbox 455 808 2195 895; baseline -0.001 -21"><span class='ocrx_word' id='word_1_41' title='bbox 455 823 520 874; x_wconf 76' lang='lat'>55</span> <span class='ocrx_word' id='word_1_42' title='bbox 584 809 809 876; x_wconf 82' lang='lat' dir='ltr'>Veloci</span> <span class='ocrx_word' id='word_1_43' title='bbox 850 831 1147 895; x_wconf 83' lang='lat' dir='ltr'>percurre</span> <span class='ocrx_word' id='word_1_44' title='bbox 1191 809 1397 874; x_wconf 80' lang='lat' dir='ltr'>oculo,</span> <span class='ocrx_word' id='word_1_45' title='bbox 1483 808 1865 891; x_wconf 89' lang='lat' dir='ltr'>Plerumque</span> <span class='ocrx_word' id='word_1_46' title='bbox 1906 809 2195 874; x_wconf 77' lang='lat' dir='ltr'>recoctus</span> 
     </span>
     <span class='ocr_line' id='line_1_8' title="bbox 582 891 2348 977; baseline -0.002 -18"><span class='ocrx_word' id='word_1_47' title='bbox 582 893 805 960; x_wconf 87' lang='lat' dir='ltr'>Scriba</span> <span class='ocrx_word' id='word_1_48' title='bbox 848 916 926 958; x_wconf 84' lang='lat' dir='ltr'>ex</span> <span class='ocrx_word' id='word_1_49' title='bbox 968 894 1124 977; x_wconf 93' lang='lat' dir='ltr'>quin</span> <span class='ocrx_word' id='word_1_50' title='bbox 1168 894 1385 959; x_wconf 82' lang='lat' dir='ltr'>ueviro</span> <span class='ocrx_word' id='word_1_51' title='bbox 1427 914 1687 958; x_wconf 83' lang='lat' dir='ltr'>corvum</span> <span class='ocrx_word' id='word_1_52' title='bbox 1728 892 1984 958; x_wconf 83' lang='lat' dir='ltr'>deludet</span> <span class='ocrx_word' id='word_1_53' title='bbox 2024 891 2348 976; x_wconf 87' lang='lat' dir='ltr'>hiantem,</span> 
     </span>
     <span class='ocr_line' id='line_1_9' title="bbox 583 916 2068 1064; baseline -0.002 -20"><span class='ocrx_word' id='word_1_54' title='bbox 583 978 1017 1064; x_wconf 85' lang='lat' dir='ltr'>Captatorque</span> <span class='ocrx_word' id='word_1_55' title='bbox 1061 916 1239 1042; x_wconf 62' lang='lat' dir='ltr'>dabit</span> <span class='ocrx_word' id='word_1_56' title='bbox 1278 978 1444 1043; x_wconf 86' lang='lat' dir='ltr'>risus</span> <span class='ocrx_word' id='word_1_57' title='bbox 1486 976 1725 1042; x_wconf 80' lang='lat' dir='ltr'>Nasica</span> <span class='ocrx_word' id='word_1_58' title='bbox 1768 975 2068 1042; x_wconf 56' lang='lat' dir='ltr'>Corano?</span> 
     </span>
    </p>

    <p class='ocr_par' dir='ltr' id='par_1_5' title="bbox 455 1060 2393 1652">
     <span class='ocr_line' id='line_1_10' title="bbox 583 1060 2391 1147; baseline -0.003 -18"><span class='ocrx_word' id='word_1_59' title='bbox 583 1063 669 1129; x_wconf 75' lang='lat' dir='ltr'>‘N</span> <span class='ocrx_word' id='word_1_60' title='bbox 671 1085 779 1128; x_wconf 91' lang='lat' dir='ltr'>um</span> <span class='ocrx_word' id='word_1_61' title='bbox 802 1062 1004 1127; x_wconf 75' lang='lat' dir='ltr'>furis?</span> <span class='ocrx_word' id='word_1_62' title='bbox 1029 1084 1114 1127; x_wconf 91' lang='lat' dir='ltr'>an</span> <span class='ocrx_word' id='word_1_63' title='bbox 1132 1062 1414 1146; x_wconf 90' lang='lat' dir='ltr'>prudens</span> <span class='ocrx_word' id='word_1_64' title='bbox 1436 1060 1609 1147; x_wconf 28' lang='lat' dir='ltr'>ludis·</span> <span class='ocrx_word' id='word_1_65' title='bbox 1623 1081 1725 1126; x_wconf 92' lang='lat' dir='ltr'>me</span> <span class='ocrx_word' id='word_1_66' title='bbox 1741 1060 2011 1127; x_wconf 88' lang='lat' dir='ltr'>obscura</span> <span class='ocrx_word' id='word_1_67' title='bbox 2026 1060 2316 1126; x_wconf 89' lang='lat' dir='ltr'>canendo</span> <span class='ocrx_word' id='word_1_68' title='bbox 2329 1060 2391 1124; x_wconf 74' lang='lat' dir='ltr'>‘P’</span> 
     </span>
     <span class='ocr_line' id='line_1_11' title="bbox 585 1144 2390 1230; baseline -0.001 -18"><span class='ocrx_word' id='word_1_69' title='bbox 585 1146 663 1212; x_wconf 79' lang='lat' dir='ltr'>‘O</span> <span class='ocrx_word' id='word_1_70' title='bbox 707 1146 1068 1230; x_wconf 79' lang='lat' dir='ltr'>Laertiade,</span> <span class='ocrx_word' id='word_1_71' title='bbox 1116 1146 1423 1229; x_wconf 86' lang='lat' dir='ltr'>quidquid</span> <span class='ocrx_word' id='word_1_72' title='bbox 1466 1144 1701 1229; x_wconf 84' lang='lat' dir='ltr'>dicam,</span> <span class='ocrx_word' id='word_1_73' title='bbox 1754 1147 1866 1209; x_wconf 88' lang='lat' dir='ltr'>aut</span> <span class='ocrx_word' id='word_1_74' title='bbox 1908 1145 2030 1210; x_wconf 87' lang='lat' dir='ltr'>erit</span> <span class='ocrx_word' id='word_1_75' title='bbox 2071 1147 2182 1209; x_wconf 88' lang='lat' dir='ltr'>aut</span> <span class='ocrx_word' id='word_1_76' title='bbox 2223 1165 2390 1210; x_wconf 88' lang='lat' dir='ltr'>non:</span> 
     </span>
     <span class='ocr_line' id='line_1_12' title="bbox 455 1229 2250 1327; baseline -0.001 -33"><span class='ocrx_word' id='word_1_77' title='bbox 455 1245 523 1294; x_wconf 76' lang='lat'>⁶0</span> <span class='ocrx_word' id='word_1_78' title='bbox 579 1229 883 1295; x_wconf 84' lang='lat' dir='ltr'>Divinare</span> <span class='ocrx_word' id='word_1_79' title='bbox 927 1231 1162 1296; x_wconf 86' lang='lat' dir='ltr'>etenim</span> <span class='ocrx_word' id='word_1_80' title='bbox 1204 1252 1270 1294; x_wconf 94' lang='lat' dir='ltr'>m</span> <span class='ocrx_word' id='word_1_81' title='bbox 1401 1250 1477 1295; x_wconf 92' lang='lat' dir='ltr'>us</span> <span class='ocrx_word' id='word_1_82' title='bbox 1520 1229 1679 1294; x_wconf 87' lang='lat' dir='ltr'>mihi</span> <span class='ocrx_word' id='word_1_83' title='bbox 1724 1229 1922 1294; x_wconf 87' lang='lat' dir='ltr'>donat</span> <span class='ocrx_word' id='word_1_84' title='bbox 1962 1229 2250 1327; x_wconf 64' lang='lat' dir='ltr'>Apollo?</span> 
     </span>
     <span class='ocr_line' id='line_1_13' title="bbox 584 1313 2391 1397; baseline -0.001 -19"><span class='ocrx_word' id='word_1_85' title='bbox 584 1314 774 1390; x_wconf 81' lang='lat' dir='ltr'>‘Quid</span> <span class='ocrx_word' id='word_1_86' title='bbox 815 1318 1032 1380; x_wconf 85' lang='lat' dir='ltr'>tamen</span> <span class='ocrx_word' id='word_1_87' title='bbox 1073 1314 1197 1379; x_wconf 85' lang='lat' dir='ltr'>ista</span> <span class='ocrx_word' id='word_1_88' title='bbox 1238 1336 1317 1379; x_wconf 85' lang='lat' dir='ltr'>ve</span> <span class='ocrx_word' id='word_1_89' title='bbox 1352 1315 1399 1378; x_wconf 84' lang='lat' dir='ltr'>&#39;t</span> <span class='ocrx_word' id='word_1_90' title='bbox 1440 1314 1564 1378; x_wconf 90' lang='lat' dir='ltr'>sibi</span> <span class='ocrx_word' id='word_1_91' title='bbox 1606 1314 1852 1397; x_wconf 84' lang='lat' dir='ltr'>fabula,</span> <span class='ocrx_word' id='word_1_92' title='bbox 1898 1313 1954 1378; x_wconf 86' lang='lat' dir='ltr'>si</span> <span class='ocrx_word' id='word_1_93' title='bbox 1995 1313 2180 1395; x_wconf 89' lang='lat' dir='ltr'>hcet,</span> <span class='ocrx_word' id='word_1_94' title='bbox 2226 1313 2391 1378; x_wconf 88' lang='lat' dir='ltr'>ede.’</span> 
     </span>
     <span class='ocr_line' id='line_1_14' title="bbox 582 1397 2393 1483; baseline 0 -21"><span class='ocrx_word' id='word_1_95' title='bbox 582 1398 918 1482; x_wconf 75' lang='lat' dir='ltr'>‘Tempore</span> <span class='ocrx_word' id='word_1_96' title='bbox 925 1447 947 1483; x_wconf 86' lang='lat'><em>‚</em></span> <span class='ocrx_word' id='word_1_97' title='bbox 984 1418 1109 1483; x_wconf 94' lang='lat' dir='ltr'>quo</span> <span class='ocrx_word' id='word_1_98' title='bbox 1138 1399 1385 1463; x_wconf 83' lang='lat' dir='ltr'>iuvenis</span> <span class='ocrx_word' id='word_1_99' title='bbox 1414 1397 1668 1464; x_wconf 86' lang='lat' dir='ltr'>Parthis</span> <span class='ocrx_word' id='word_1_100' title='bbox 1710 1397 2096 1482; x_wconf 85' lang='lat' dir='ltr'>horrendus,</span> <span class='ocrx_word' id='word_1_101' title='bbox 2142 1397 2226 1462; x_wconf 90' lang='lat' dir='ltr'>ab</span> <span class='ocrx_word' id='word_1_102' title='bbox 2257 1398 2393 1463; x_wconf 88' lang='lat' dir='ltr'>alto</span> 
     </span>
     <span class='ocr_line' id='line_1_15' title="bbox 580 1482 2081 1568; baseline -0.001 -21"><span class='ocrx_word' id='word_1_103' title='bbox 580 1482 945 1547; x_wconf 89' lang='lat' dir='ltr'>Demissum</span> <span class='ocrx_word' id='word_1_104' title='bbox 987 1504 1191 1568; x_wconf 85' lang='lat' dir='ltr'>genus</span> <span class='ocrx_word' id='word_1_105' title='bbox 1233 1484 1484 1566; x_wconf 84' lang='lat' dir='ltr'>Aenea,</span> <span class='ocrx_word' id='word_1_106' title='bbox 1528 1483 1754 1549; x_wconf 90' lang='lat' dir='ltr'>tellure</span> <span class='ocrx_word' id='word_1_107' title='bbox 1797 1483 2081 1566; x_wconf 89' lang='lat' dir='ltr'>marique</span> 
     </span>
     <span class='ocr_line' id='line_1_16' title="bbox 580 1566 2095 1652; baseline -0.001 -21"><span class='ocrx_word' id='word_1_108' title='bbox 580 1567 859 1652; x_wconf 88' lang='lat' dir='ltr'>Magnus</span> <span class='ocrx_word' id='word_1_109' title='bbox 905 1567 1054 1651; x_wconf 84' lang='lat' dir='ltr'>erit,</span> <span class='ocrx_word' id='word_1_110' title='bbox 1098 1567 1250 1631; x_wconf 90' lang='lat' dir='ltr'>forti</span> <span class='ocrx_word' id='word_1_111' title='bbox 1292 1567 1495 1632; x_wconf 87' lang='lat' dir='ltr'>nubet</span> <span class='ocrx_word' id='word_1_112' title='bbox 1536 1588 1799 1652; x_wconf 86' lang='lat' dir='ltr'>procera</span> <span class='ocrx_word' id='word_1_113' title='bbox 1844 1566 2095 1633; x_wconf 88' lang='lat' dir='ltr'>Corano</span> 
     </span>
    </p>

    <p class='ocr_par' dir='ltr' id='par_1_6' title="bbox 455 1646 2097 1736">
     <span class='ocr_line' id='line_1_17' title="bbox 455 1646 2097 1736; baseline 0 -21"><span class='ocrx_word' id='word_1_114' title='bbox 455 1664 521 1715; x_wconf 79' lang='lat'>65</span> <span class='ocrx_word' id='word_1_115' title='bbox 578 1651 744 1717; x_wconf 83' lang='lat' dir='ltr'>Filia</span> <span class='ocrx_word' id='word_1_116' title='bbox 783 1651 1091 1736; x_wconf 83' lang='lat' dir='ltr'>Nasicae,</span> <span class='ocrx_word' id='word_1_117' title='bbox 1138 1652 1481 1717; x_wconf 81' lang='lat' dir='ltr'>metuentis</span> <span class='ocrx_word' id='word_1_118' title='bbox 1523 1652 1785 1716; x_wconf 89' lang='lat' dir='ltr'>reddere</span> <span class='ocrx_word' id='word_1_119' title='bbox 1828 1646 2097 1716; x_wconf 74' lang='lat' dir='ltr'>soldum‘.</span> 
     </span>
    </p>

    <p class='ocr_par' dir='ltr' id='par_1_7' title="bbox 580 1734 2395 1990">
     <span class='ocr_line' id='line_1_18' title="bbox 581 1734 2395 1821; baseline 0 -21"><span class='ocrx_word' id='word_1_120' title='bbox 581 1735 744 1800; x_wconf 84' lang='lat' dir='ltr'>Tum</span> <span class='ocrx_word' id='word_1_121' title='bbox 777 1757 975 1821; x_wconf 87' lang='lat' dir='ltr'>gener</span> <span class='ocrx_word' id='word_1_122' title='bbox 1015 1734 1140 1801; x_wconf 91' lang='lat' dir='ltr'>hoc</span> <span class='ocrx_word' id='word_1_123' title='bbox 1183 1736 1404 1801; x_wconf 83' lang='lat' dir='ltr'>faciet:</span> <span class='ocrx_word' id='word_1_124' title='bbox 1449 1735 1700 1801; x_wconf 88' lang='lat' dir='ltr'>tabulas</span> <span class='ocrx_word' id='word_1_125' title='bbox 1729 1756 1947 1801; x_wconf 89' lang='lat' dir='ltr'>socero</span> <span class='ocrx_word' id='word_1_126' title='bbox 1991 1735 2169 1800; x_wconf 89' lang='lat' dir='ltr'>dabit</span> <span class='ocrx_word' id='word_1_127' title='bbox 2198 1738 2395 1821; x_wconf 85' lang='lat' dir='ltr'>atque</span> 
     </span>
     <span class='ocr_line' id='line_1_19' title="bbox 580 1819 2079 1918; baseline -0.001 -32"><span class='ocrx_word' id='word_1_128' title='bbox 580 1819 673 1886; x_wconf 88' lang='lat' dir='ltr'>Vt</span> <span class='ocrx_word' id='word_1_129' title='bbox 713 1820 889 1918; x_wconf 78' lang='lat' dir='ltr'>legat</span> <span class='ocrx_word' id='word_1_130' title='bbox 930 1820 1169 1906; x_wconf 80' lang='lat' dir='ltr'>orabit3</span> <span class='ocrx_word' id='word_1_131' title='bbox 1221 1822 1494 1885; x_wconf 88' lang='lat' dir='ltr'>multum</span> <span class='ocrx_word' id='word_1_132' title='bbox 1534 1819 1772 1885; x_wconf 88' lang='lat' dir='ltr'>Nasica</span> <span class='ocrx_word' id='word_1_133' title='bbox 1810 1822 2079 1906; x_wconf 86' lang='lat' dir='ltr'>negatas</span> 
     </span>
     <span class='ocr_line' id='line_1_20' title="bbox 581 1904 2246 1990; baseline 0 -22"><span class='ocrx_word' id='word_1_134' title='bbox 581 1905 876 1988; x_wconf 89' lang='lat' dir='ltr'>Accip1et</span> <span class='ocrx_word' id='word_1_135' title='bbox 916 1904 1173 1969; x_wconf 89' lang='lat' dir='ltr'>tandem</span> <span class='ocrx_word' id='word_1_136' title='bbox 1210 1907 1275 1969; x_wconf 89' lang='lat' dir='ltr'>et</span> <span class='ocrx_word' id='word_1_137' title='bbox 1318 1905 1550 1970; x_wconf 85' lang='lat' dir='ltr'>tacitus</span> <span class='ocrx_word' id='word_1_138' title='bbox 1593 1905 1795 1990; x_wconf 83' lang='lat' dir='ltr'>leget,</span> <span class='ocrx_word' id='word_1_139' title='bbox 1839 1904 2246 1988; x_wconf 73' lang='lat' dir='ltr'>invenietque</span> 
     </span>
    </p>
   </div>
   <div class='ocr_carea' id='block_1_3' title="bbox 455 1988 2175 2140">
    <p class='ocr_par' dir='ltr' id='par_1_8' title="bbox 455 1988 2175 2140">
     <span class='ocr_line' id='line_1_21' title="bbox 580 1988 2093 2076; baseline 0 -22"><span class='ocrx_word' id='word_1_140' title='bbox 580 1988 695 2055; x_wconf 88' lang='lat' dir='ltr'>Nil</span> <span class='ocrx_word' id='word_1_141' title='bbox 739 1988 861 2054; x_wconf 90' lang='lat' dir='ltr'>sibi</span> <span class='ocrx_word' id='word_1_142' title='bbox 904 1989 1189 2076; x_wconf 85' lang='lat' dir='ltr'>legatum</span> <span class='ocrx_word' id='word_1_143' title='bbox 1229 1991 1484 2075; x_wconf 90' lang='lat' dir='ltr'>praeter</span> <span class='ocrx_word' id='word_1_144' title='bbox 1523 1989 1776 2074; x_wconf 84' lang='lat' dir='ltr'>plorare</span> <span class='ocrx_word' id='word_1_145' title='bbox 1821 1988 1950 2054; x_wconf 87' lang='lat' dir='ltr'>suis</span> <span class='ocrx_word' id='word_1_146' title='bbox 1995 2010 2093 2055; x_wconf 90' lang='lat' dir='ltr'>ue.</span> 
     </span>
     <span class='ocr_line' id='line_1_22' title="bbox 455 2073 2175 2140; baseline 0.002 -5"><span class='ocrx_word' id='word_1_147' title='bbox 455 2085 522 2136; x_wconf 81' lang='lat'>&#39;10</span> <span class='ocrx_word' id='word_1_148' title='bbox 577 2073 747 2138; x_wconf 94' lang='lat' dir='ltr'>Illud</span> <span class='ocrx_word' id='word_1_149' title='bbox 789 2074 868 2138; x_wconf 88' lang='lat' dir='ltr'>ad</span> <span class='ocrx_word' id='word_1_150' title='bbox 911 2074 1068 2139; x_wconf 88' lang='lat' dir='ltr'>haec</span> <span class='ocrx_word' id='word_1_151' title='bbox 1110 2074 1328 2140; x_wconf 88' lang='lat' dir='ltr'>iubeo:</span> <span class='ocrx_word' id='word_1_152' title='bbox 1372 2074 1602 2139; x_wconf 88' lang='lat' dir='ltr'>mulier</span> <span class='ocrx_word' id='word_1_153' title='bbox 1645 2075 1713 2138; x_wconf 92' lang='lat' dir='ltr'>si·</span> <span class='ocrx_word' id='word_1_154' title='bbox 1743 2074 1909 2138; x_wconf 87' lang='lat' dir='ltr'>forte</span> <span class='ocrx_word' id='word_1_155' title='bbox 1996 2074 2175 2138; x_wconf 87' lang='lat' dir='ltr'>olosa</span> 
     </span>
    </p>
   </div>
   <div class='ocr_carea' id='block_1_4' title="bbox 453 2157 2398 3592">
    <p class='ocr_par' dir='ltr' id='par_1_9' title="bbox 453 2157 2398 3592">
     <span class='ocr_line' id='line_1_23' title="bbox 581 2157 2087 2256; baseline 0 -34"><span class='ocrx_word' id='word_1_156' title='bbox 581 2157 953 2223; x_wconf 83' lang='lat' dir='ltr'>Libertusve</span> <span class='ocrx_word' id='word_1_157' title='bbox 997 2180 1214 2224; x_wconf 91' lang='lat' dir='ltr'>senem</span> <span class='ocrx_word' id='word_1_158' title='bbox 1258 2158 1531 2223; x_wconf 88' lang='lat' dir='ltr'>delirum</span> <span class='ocrx_word' id='word_1_159' title='bbox 1571 2160 1913 2256; x_wconf 82' lang='lat' dir='ltr'>temperet3</span> <span class='ocrx_word' id='word_1_160' title='bbox 1958 2157 2087 2222; x_wconf 89' lang='lat' dir='ltr'>illis</span> 
     </span>
     <span class='ocr_line' id='line_1_24' title="bbox 581 2241 2187 2327; baseline 0.002 -22"><span class='ocrx_word' id='word_1_161' title='bbox 581 2241 868 2307; x_wconf 73' lang='lat' dir='ltr'>Accedes</span> <span class='ocrx_word' id='word_1_162' title='bbox 913 2243 1119 2308; x_wconf 89' lang='lat' dir='ltr'>socius</span> <span class='ocrx_word' id='word_1_163' title='bbox 1133 2293 1151 2327; x_wconf 91' lang='lat'><em>,</em></span> <span class='ocrx_word' id='word_1_164' title='bbox 1197 2242 1444 2325; x_wconf 87' lang='lat' dir='ltr'>laudes,</span> <span class='ocrx_word' id='word_1_165' title='bbox 1489 2242 1765 2307; x_wconf 86' lang='lat' dir='ltr'>laudens</span> <span class='ocrx_word' id='word_1_166' title='bbox 1808 2245 1882 2307; x_wconf 88' lang='lat' dir='ltr'>ut</span> <span class='ocrx_word' id='word_1_167' title='bbox 1923 2243 2187 2308; x_wconf 87' lang='lat' dir='ltr'>absens:</span> 
     </span>
     <span class='ocr_line' id='line_1_25' title="bbox 579 2325 2394 2425; baseline 0.002 -36"><span class='ocrx_word' id='word_1_168' title='bbox 579 2325 861 2391; x_wconf 86' lang='lat' dir='ltr'>Adiuvat</span> <span class='ocrx_word' id='word_1_169' title='bbox 887 2326 1011 2392; x_wconf 90' lang='lat' dir='ltr'>hoc</span> <span class='ocrx_word' id='word_1_170' title='bbox 1041 2348 1319 2411; x_wconf 83' lang='lat' dir='ltr'>quoque,</span> <span class='ocrx_word' id='word_1_171' title='bbox 1367 2327 1479 2391; x_wconf 90' lang='lat' dir='ltr'>sed</span> <span class='ocrx_word' id='word_1_172' title='bbox 1507 2327 1708 2391; x_wconf 86' lang='lat' dir='ltr'>vincit</span> <span class='ocrx_word' id='word_1_173' title='bbox 1746 2327 1940 2412; x_wconf 89' lang='lat' dir='ltr'>longe</span> <span class='ocrx_word' id='word_1_174' title='bbox 1967 2327 2145 2425; x_wconf 86' lang='lat' dir='ltr'>prius</span> <span class='ocrx_word' id='word_1_175' title='bbox 2175 2327 2394 2412; x_wconf 88' lang='lat' dir='ltr'>ipsum</span> 
     </span>
     <span class='ocr_line' id='line_1_26' title="bbox 580 2409 2394 2495; baseline 0.003 -21"><span class='ocrx_word' id='word_1_176' title='bbox 580 2409 967 2495; x_wconf 86' lang='lat' dir='ltr'>Expugnare</span> <span class='ocrx_word' id='word_1_177' title='bbox 1012 2414 1222 2495; x_wconf 81' lang='lat' dir='ltr'>caput.</span> <span class='ocrx_word' id='word_1_178' title='bbox 1309 2410 1558 2476; x_wconf 85' lang='lat' dir='ltr'>Scribet</span> <span class='ocrx_word' id='word_1_179' title='bbox 1598 2411 1767 2476; x_wconf 84' lang='lat' dir='ltr'>mala</span> <span class='ocrx_word' id='word_1_180' title='bbox 1809 2432 2092 2476; x_wconf 79' lang='lat' dir='ltr'>carmma</span> <span class='ocrx_word' id='word_1_181' title='bbox 2132 2433 2394 2479; x_wconf 83' lang='lat' dir='ltr'>vecors:</span> 
     </span>
     <span class='ocr_line' id='line_1_27' title="bbox 454 2494 2244 2562; baseline 0.002 -5"><span class='ocrx_word' id='word_1_182' title='bbox 454 2506 518 2557; x_wconf 80' lang='lat'>&#39;15</span> <span class='ocrx_word' id='word_1_183' title='bbox 578 2494 881 2559; x_wconf 80' lang='lat' dir='ltr'>Laudato,</span> <span class='ocrx_word' id='word_1_184' title='bbox 945 2494 1271 2560; x_wconf 85' lang='lat' dir='ltr'>Scortator</span> <span class='ocrx_word' id='word_1_185' title='bbox 1315 2496 1464 2560; x_wconf 83' lang='lat' dir='ltr'>erit:</span> <span class='ocrx_word' id='word_1_186' title='bbox 1512 2516 1663 2560; x_wconf 86' lang='lat' dir='ltr'>cave</span> <span class='ocrx_word' id='word_1_187' title='bbox 1705 2497 1770 2560; x_wconf 87' lang='lat' dir='ltr'>te</span> <span class='ocrx_word' id='word_1_188' title='bbox 1811 2516 1885 2560; x_wconf 86' lang='lat' dir='ltr'>ro</span> <span class='ocrx_word' id='word_1_189' title='bbox 1934 2498 2026 2561; x_wconf 84' lang='lat' dir='ltr'>et:</span> <span class='ocrx_word' id='word_1_190' title='bbox 2069 2496 2244 2562; x_wconf 84' lang='lat' dir='ltr'>ultro</span> 
     </span>
     <span class='ocr_line' id='line_1_28' title="bbox 580 2577 2177 2676; baseline 0.002 -34"><span class='ocrx_word' id='word_1_191' title='bbox 580 2577 969 2676; x_wconf 78' lang='lat' dir='ltr'>Penelopam</span> <span class='ocrx_word' id='word_1_192' title='bbox 1012 2579 1219 2643; x_wconf 81' lang='lat' dir='ltr'>facilis</span> <span class='ocrx_word' id='word_1_193' title='bbox 1261 2579 1501 2663; x_wconf 88' lang='lat' dir='ltr'>potiori</span> <span class='ocrx_word' id='word_1_194' title='bbox 1543 2579 1768 2645; x_wconf 65' lang='lat' dir='ltr'>trade?</span> <span class='ocrx_word' id='word_1_195' title='bbox 1843 2584 1861 2614; x_wconf 81' lang='lat'><strong>‘</strong></span> <span class='ocrx_word' id='word_1_196' title='bbox 1919 2582 2177 2665; x_wconf 88' lang='lat' dir='ltr'>utasne‚</span> 
     </span>
     <span class='ocr_line' id='line_1_29' title="bbox 579 2661 2118 2749; baseline 0.002 -23"><span class='ocrx_word' id='word_1_197' title='bbox 579 2661 849 2727; x_wconf 86' lang='lat' dir='ltr'>Perduc1</span> <span class='ocrx_word' id='word_1_198' title='bbox 889 2663 1130 2747; x_wconf 85' lang='lat' dir='ltr'>poterit</span> <span class='ocrx_word' id='word_1_199' title='bbox 1169 2666 1304 2727; x_wconf 88' lang='lat' dir='ltr'>tam</span> <span class='ocrx_word' id='word_1_200' title='bbox 1346 2662 1519 2748; x_wconf 84' lang='lat' dir='ltr'>frugi</span> <span class='ocrx_word' id='word_1_201' title='bbox 1559 2666 1816 2747; x_wconf 84' lang='lat' dir='ltr'>tamque</span> <span class='ocrx_word' id='word_1_202' title='bbox 1859 2663 2118 2749; x_wconf 84' lang='lat' dir='ltr'>pudica,</span> 
     </span>
     <span class='ocr_line' id='line_1_30' title="bbox 582 2746 2229 2832; baseline 0.002 -21"><span class='ocrx_word' id='word_1_203' title='bbox 582 2746 786 2822; x_wconf 86' lang='lat' dir='ltr'>Quam</span> <span class='ocrx_word' id='word_1_204' title='bbox 826 2748 1124 2830; x_wconf 83' lang='lat' dir='ltr'>nequiere</span> <span class='ocrx_word' id='word_1_205' title='bbox 1165 2747 1348 2832; x_wconf 93' lang='lat' dir='ltr'>proci</span> <span class='ocrx_word' id='word_1_206' title='bbox 1388 2750 1565 2812; x_wconf 89' lang='lat' dir='ltr'>recto</span> <span class='ocrx_word' id='word_1_207' title='bbox 1612 2747 1925 2832; x_wconf 81' lang='lat' dir='ltr'>depellere</span> <span class='ocrx_word' id='word_1_208' title='bbox 1969 2749 2229 2814; x_wconf 82' lang='lat' dir='ltr'>cursu?’</span> 
     </span>
     <span class='ocr_line' id='line_1_31' title="bbox 581 2830 2277 2917; baseline 0.003 -22"><span class='ocrx_word' id='word_1_209' title='bbox 581 2830 804 2895; x_wconf 71' lang='lat' dir='ltr'>‘Venit</span> <span class='ocrx_word' id='word_1_210' title='bbox 831 2831 1002 2895; x_wconf 86' lang='lat' dir='ltr'>enim</span> <span class='ocrx_word' id='word_1_211' title='bbox 1044 2853 1350 2917; x_wconf 84' lang='lat' dir='ltr'>magnum</span> <span class='ocrx_word' id='word_1_212' title='bbox 1393 2831 1673 2896; x_wconf 83' lang='lat' dir='ltr'>donandi</span> <span class='ocrx_word' id='word_1_213' title='bbox 1716 2853 1909 2916; x_wconf 83' lang='lat' dir='ltr'>parca</span> <span class='ocrx_word' id='word_1_214' title='bbox 1949 2832 2247 2900; x_wconf 81' lang='lat' dir='ltr'>iuventus</span> <span class='ocrx_word' id='word_1_215' title='bbox 2257 2883 2277 2917; x_wconf 91' lang='lat'><strong><em>,</em></strong></span> 
     </span>
     <span class='ocr_line' id='line_1_32' title="bbox 453 2914 2333 2998; baseline 0.003 -19"><span class='ocrx_word' id='word_1_216' title='bbox 453 2928 521 2979; x_wconf 83' lang='lat'>80</span> <span class='ocrx_word' id='word_1_217' title='bbox 575 2914 714 2980; x_wconf 91' lang='lat' dir='ltr'>Nec</span> <span class='ocrx_word' id='word_1_218' title='bbox 757 2918 1009 2979; x_wconf 90' lang='lat' dir='ltr'>tantum</span> <span class='ocrx_word' id='word_1_219' title='bbox 1050 2914 1321 2981; x_wconf 90' lang='lat' dir='ltr'>Veneris</span> <span class='ocrx_word' id='word_1_220' title='bbox 1366 2919 1675 2998; x_wconf 85' lang='lat' dir='ltr'>quantum</span> <span class='ocrx_word' id='word_1_221' title='bbox 1719 2915 2004 2981; x_wconf 84' lang='lat' dir='ltr'>studiosa</span> <span class='ocrx_word' id='word_1_222' title='bbox 2047 2918 2333 2985; x_wconf 72' lang='lat' dir='ltr'>culinaez</span> 
     </span>
     <span class='ocr_line' id='line_1_33' title="bbox 582 2998 2238 3098; baseline 0.001 -33"><span class='ocrx_word' id='word_1_223' title='bbox 582 2999 687 3065; x_wconf 87' lang='lat' dir='ltr'>Sic</span> <span class='ocrx_word' id='word_1_224' title='bbox 731 2999 851 3063; x_wconf 90' lang='lat' dir='ltr'>tibi</span> <span class='ocrx_word' id='word_1_225' title='bbox 892 2998 1212 3098; x_wconf 85' lang='lat' dir='ltr'>Penelope</span> <span class='ocrx_word' id='word_1_226' title='bbox 1255 3000 1518 3086; x_wconf 79' lang='lat' dir='ltr'>frugist3</span> <span class='ocrx_word' id='word_1_227' title='bbox 1564 3021 1724 3084; x_wconf 88' lang='lat' dir='ltr'>quae</span> <span class='ocrx_word' id='word_1_228' title='bbox 1768 3001 1824 3065; x_wconf 91' lang='lat' dir='ltr'>si</span> <span class='ocrx_word' id='word_1_229' title='bbox 1869 3002 2065 3066; x_wconf 88' lang='lat' dir='ltr'>semel</span> <span class='ocrx_word' id='word_1_230' title='bbox 2107 3024 2238 3068; x_wconf 89' lang='lat' dir='ltr'>uno</span> 
     </span>
     <span class='ocr_line' id='line_1_34' title="bbox 580 3082 2099 3170; baseline 0.002 -23"><span class='ocrx_word' id='word_1_231' title='bbox 580 3082 680 3148; x_wconf 93' lang='lat' dir='ltr'>De</span> <span class='ocrx_word' id='word_1_232' title='bbox 724 3104 874 3148; x_wconf 90' lang='lat' dir='ltr'>sene</span> <span class='ocrx_word' id='word_1_233' title='bbox 915 3087 1192 3169; x_wconf 85' lang='lat' dir='ltr'>gustant</span> <span class='ocrx_word' id='word_1_234' title='bbox 1234 3087 1447 3149; x_wconf 80' lang='lat' dir='ltr'>tecum</span> <span class='ocrx_word' id='word_1_235' title='bbox 1487 3084 1726 3169; x_wconf 87' lang='lat' dir='ltr'>partita</span> <span class='ocrx_word' id='word_1_236' title='bbox 1764 3083 2099 3170; x_wconf 91' lang='lat' dir='ltr'>lucellum,</span> 
     </span>
     <span class='ocr_line' id='line_1_35' title="bbox 580 3166 2345 3252; baseline 0.002 -20"><span class='ocrx_word' id='word_1_237' title='bbox 580 3166 673 3232; x_wconf 85' lang='lat' dir='ltr'>Vt</span> <span class='ocrx_word' id='word_1_238' title='bbox 714 3167 890 3233; x_wconf 85' lang='lat' dir='ltr'>cam&#39;s</span> <span class='ocrx_word' id='word_1_239' title='bbox 934 3190 973 3232; x_wconf 89' lang='lat' dir='ltr'>a</span> <span class='ocrx_word' id='word_1_240' title='bbox 1015 3169 1188 3233; x_wconf 92' lang='lat' dir='ltr'>corio</span> <span class='ocrx_word' id='word_1_241' title='bbox 1230 3189 1580 3252; x_wconf 87' lang='lat' dir='ltr'>numquam</span> <span class='ocrx_word' id='word_1_242' title='bbox 1623 3169 2079 3234; x_wconf 75' lang='lat' dir='ltr'>absterrebitur</span> <span class='ocrx_word' id='word_1_243' title='bbox 2121 3173 2345 3236; x_wconf 78' lang='lat' dir='ltr'>uncto·</span> 
     </span>
     <span class='ocr_line' id='line_1_36' title="bbox 579 3250 2398 3403; baseline 0.003 -88"><span class='ocrx_word' id='word_1_244' title='bbox 579 3250 687 3316; x_wconf 91' lang='lat' dir='ltr'>Me</span> <span class='ocrx_word' id='word_1_245' title='bbox 740 3273 921 3337; x_wconf 84' lang='lat' dir='ltr'>sene,</span> <span class='ocrx_word' id='word_1_246' title='bbox 987 3253 1156 3336; x_wconf 93' lang='lat' dir='ltr'>quod</span> <span class='ocrx_word' id='word_1_247' title='bbox 1207 3252 1414 3317; x_wconf 87' lang='lat' dir='ltr'>dicam</span> <span class='ocrx_word' id='word_1_248' title='bbox 1478 3253 1873 3403; x_wconf 46' lang='lat' dir='ltr'>facmrfflazb·</span> <span class='ocrx_word' id='word_1_249' title='bbox 1892 3275 2050 3320; x_wconf 86' lang='lat' dir='ltr'>anus</span> <span class='ocrx_word' id='word_1_250' title='bbox 2117 3255 2398 3340; x_wconf 78' lang='lat' dir='ltr'>inproba</span> 
     </span>
     <span class='ocr_line' id='line_1_37' title="bbox 1774 3359 1909 3403; baseline 0.007 -1"><span class='ocrx_word' id='word_1_251' title='bbox 1774 3359 1808 3402; x_wconf 94' lang='lat' dir='ltr'>e</span> <span class='ocrx_word' id='word_1_252' title='bbox 1853 3360 1909 3403; x_wconf 90' lang='lat' dir='ltr'>1s</span> 
     </span>
     <span class='ocr_line' id='line_1_38' title="bbox 454 3419 1940 3488; baseline 0.003 -6"><span class='ocrx_word' id='word_1_253' title='bbox 454 3431 520 3482; x_wconf 79' lang='lat'>85</span> <span class='ocrx_word' id='word_1_254' title='bbox 577 3419 680 3484; x_wconf 84' lang='lat' dir='ltr'>Ex</span> <span class='ocrx_word' id='word_1_255' title='bbox 721 3421 1106 3485; x_wconf 88' lang='lat' dir='ltr'>testamento</span> <span class='ocrx_word' id='word_1_256' title='bbox 1152 3422 1244 3486; x_wconf 91' lang='lat' dir='ltr'>sic</span> <span class='ocrx_word' id='word_1_257' title='bbox 1288 3424 1387 3487; x_wconf 86' lang='lat' dir='ltr'>est</span> <span class='ocrx_word' id='word_1_258' title='bbox 1429 3423 1625 3488; x_wconf 85' lang='lat' dir='ltr'>elata:</span> <span class='ocrx_word' id='word_1_259' title='bbox 1673 3422 1940 3488; x_wconf 83' lang='lat' dir='ltr'>cadaver</span> 
     </span>
     <span class='ocr_line' id='line_1_39' title="bbox 581 3502 2232 3592; baseline 0.002 -22"><span class='ocrx_word' id='word_1_260' title='bbox 581 3502 862 3570; x_wconf 84' lang='lat' dir='ltr'>Vnctum</span> <span class='ocrx_word' id='word_1_261' title='bbox 905 3505 1047 3569; x_wconf 93' lang='lat' dir='ltr'>oleo</span> <span class='ocrx_word' id='word_1_262' title='bbox 1091 3506 1271 3592; x_wconf 83' lang='lat' dir='ltr'>largo</span> <span class='ocrx_word' id='word_1_263' title='bbox 1315 3506 1503 3572; x_wconf 90' lang='lat' dir='ltr'>nudis</span> <span class='ocrx_word' id='word_1_264' title='bbox 1547 3507 1782 3573; x_wconf 91' lang='lat' dir='ltr'>umeris</span> <span class='ocrx_word' id='word_1_265' title='bbox 1825 3507 1976 3573; x_wconf 83' lang='lat' dir='ltr'>tulit</span> <span class='ocrx_word' id='word_1_266' title='bbox 2016 3507 2232 3592; x_wconf 77' lang='lat' dir='ltr'>hereS‚</span> 
     </span>
    </p>
   </div>
  </div>
 </body>
</html>
