2588 4046
206 255 303 330 11.]
1036 256 1251 311 LIBER
1293 256 1334 316 L
2021 250 2141 317 129

204 418 350 484 Hoc
381 421 552 483 amat
582 422 647 484 et
674 418 921 502 laudat,
958 420 1345 483 ‘matronam
1372 418 1614 483 nullam
1644 441 1763 504 ego
1792 421 2037 503 tango?

203 503 299 568 Vt
341 504 661 586 quondam
705 503 1033 567 Marsaeus
1043 551 1062 587 ,
1109 506 1356 567 amator
1401 502 1686 588 Originis
1728 503 1867 587 ille,
2074 515 2141 566 55

204 588 332 663 Qui
375 587 653 671 patrium
697 588 928 652 mimae
974 586 1170 651 donat
1212 587 1604 671 fundumque
1633 588 2014 672 Laremque,

205 672 342 737 ‘Nil
366 671 558 735 fuerit
580 672 691 735 mi’
713 672 924 756 inquit
947 680 1115 736 ‘cum
1136 671 1441 736 uxoribus
1464 692 1763 755 umquam
1790 673 2063 737 alienis?

201 755 447 820 Verum
478 758 576 819 est
606 778 747 820 cum
776 756 1017 838 mimiS,
1060 759 1160 820 est
1189 777 1333 820 cum
1363 756 1798 821 meretricibus
1812 806 1830 840 ,
1876 756 2044 822 unde

201 839 404 905 Fama
445 839 683 904 malum
737 839 994 925 gravius
1039 861 1231 924 quam
1273 861 1376 904 res
1430 840 1644 988 tzahiti.
1731 842 1840 905 An
1893 841 2012 905 tibi

1428 945 1466 988 a
1511 946 1600 988 un
1644 946 1677 989 e

199 1009 558 1075 Personam
601 1008 756 1072 satis
802 1010 930 1091 est,
975 1029 1108 1072 non
1152 1007 1341 1091 illud,
1389 1007 1695 1091 quidquid
1738 1009 1971 1094 ubique
2075 1024 2148 1073 60

204 1092 458 1175 Officit,
506 1091 785 1157 evitare?
843 1091 1089 1157 Bonam
1137 1091 1479 1175 deperdere
1521 1092 1792 1177 famam,

200 1177 371 1241 Rem
393 1176 595 1261 patris
617 1176 942 1260 oblimare,
965 1176 1267 1240 malumst
1287 1176 1690 1260 ubicumque.
1725 1177 1891 1254 Quid
1914 1179 2080 1245 inter

201 1261 331 1327 Est
373 1261 441 1324 in
484 1263 806 1344 matrona,
859 1260 1091 1324 ancilla
1132 1280 1440 1343 peccesne
1483 1262 1749 1346 togata?

201 1344 442 1409 Villius
486 1345 557 1409 in
599 1344 833 1409 Fausta
877 1344 1088 1409 Sullae
1133 1365 1403 1428 genero,
1447 1344 1573 1410 hoc
1616 1346 1810 1411 miser
1851 1369 1980 1413 uno

201 1428 486 1494 Nomine
532 1428 862 1512 deceptus,
909 1448 1148 1511 poenas
1192 1429 1367 1493 ded-it
1408 1450 1608 1513 usque
1653 1452 1962 1515 superque
2075 1445 2143 1494 65

146 1541 149 1548 ¹
204 1513 413 1588 Quam
459 1513 613 1577 satis
659 1515 783 1596 est,
827 1512 1063 1597 pugnis
1109 1533 1330 1577 caesus
1373 1511 1668 1597 ferroque
1712 1516 1980 1600 petitus,

202 1596 522 1664 Exclusus
565 1596 732 1680 fore,
778 1618 920 1660 cum
963 1596 1378 1681 Longarenus
1421 1597 1591 1662 foret
1632 1599 1823 1665 intuS.

202 1680 376 1745 Huic
421 1682 477 1745 si
518 1680 799 1745 mutonis
842 1680 1052 1745 verbis
1096 1680 1265 1744 mala
1306 1683 1491 1745 tanta
1532 1682 1808 1747 videntis

206 1764 469 1830 Diceret
511 1764 668 1830 haec
712 1764 962 1830 animus
1009 1764 1186 1848 ‘quid
1227 1765 1325 1828 vis
1368 1764 1531 1830 tibi?
1590 1767 1897 1851 numquid

1427 1871 1461 1913 e
1509 1870 1546 1914 o
1588 1871 1627 1915 a
1669 1854 1733 1915 te

205 1934 317 1999 Ma
412 1954 450 1999 o
493 1937 881 2020 prognatum
927 1933 1199 2018 deposco
1246 1871 1508 1998 consuffi
1551 1955 1830 1999 cunnum
2076 1950 2142 2000 ’τυ

205 2018 304 2084 Ve
334 2022 634 2103 atumwe
680 2019 872 2102 stola,
918 2040 1061 2084 mea
1105 2039 1249 2083 cum
1294 2017 1656 2084 conferbuit
1698 2020 1861 2085 iraP'

207 2104 376 2180 Quid
405 2103 862 2187 responderet?
917 2103 1183 2187 ‘Magno
1221 2105 1401 2186 patre
1429 2108 1581 2168 nata
1622 2106 1939 2188 puellast.’

207 2189 298 2253 At
343 2190 582 2272 quanto
626 2188 892 2253 meliora
934 2191 1155 2252 monet
1196 2187 1676 2272 pugnantiaque
1720 2190 1861 2254 istis

205 2272 404 2337 Dives
450 2272 590 2355 opis
633 2274 861 2336 natura
904 2292 1080 2354 suae,
1130 2273 1204 2335 tu
1246 2271 1303 2334 si
1346 2272 1536 2336 modo
1580 2276 1751 2337 recte

205 2356 597 2440 Dispensare
641 2356 800 2420 velis
844 2377 918 2420 ac
961 2376 1094 2420 non
1138 2355 1448 2439 fugienda
1490 2356 1783 2439 petendis
2075 2370 2140 2420 ‘1⁵

205 2440 572 2505 Inmiscere.
661 2438 798 2503 Tuo
843 2440 999 2504 vitio
1042 2460 1339 2503 rerumne
1382 2439 1630 2505 labores
1643 2490 1661 2525 ,

205 2524 319 2591 Nil
361 2524 599 2588 referre
641 2523 873 2608 putas?
921 2523 1158 2606 Quare,
1203 2544 1285 2587 ne
1376 2524 1652 2589 aeniteat
1694 2528 1790 2610 te,

205 2608 446 2673 Desine
491 2612 813 2672 matronas
859 2607 1189 2690 sectarier,
1233 2629 1323 2671 un
1370 2629 1403 2672 e
1447 2607 1683 2672 laboris

205 2691 357 2758 Plus
403 2691 656 2757 haurire
684 2692 900 2756 malist
943 2713 1133 2776 quam
1164 2713 1241 2756 ex
1270 2713 1339 2756 re
1370 2693 1704 2776 decerpere
1747 2693 2009 2760 fructus„

208 2775 343 2842 Nec
385 2776 593 2861 magis
636 2774 815 2859 huic,
861 2777 1028 2840 inter
1071 2776 1292 2841 niveos
1338 2776 1694 2860 viridesque
1751 2778 1815 2841 la
1859 2779 2005 2844 illos
2072 2792 2138 2842 80

207 2859 305 2926 Sit
361 2861 539 2943 licet,
598 2858 754 2944 hoc,
812 2859 1112 2927 Cerinthe
1128 2911 1146 2944 ‚
1214 2863 1325 2924 tuo
1393 2863 1746 2925 tenerumst
1839 2884 2014 2928 emur

1425 2948 1535 3009 aut
1580 2967 1723 3010 crus

210 3029 498 3113 Rectius,
543 3031 734 3113 atque
780 3030 969 3094 etiam
1014 3029 1242 3094 melius
1284 3051 1588 3113 persaepe
1631 3032 1970 3115 togataest.

205 3114 389 3178 Adde
434 3111 559 3177 huc
604 3113 772 3196 quod
801 3134 1076 3178 mercem
1120 3115 1257 3178 sine
1302 3114 1465 3178 fucis
1511 3117 1752 3198 gestat,
1799 3118 2014 3198 aperte

207 3197 392 3274 Quod
420 3197 642 3262 venale
672 3197 865 3262 habet
901 3197 1207 3280 ostendit,
1249 3218 1397 3281 nec,
1441 3198 1648 3282 siquid
1677 3197 2013 3281 honestist‚

205 3281 415 3347 Iactat
456 3281 773 3365 habetque
815 3282 1058 3366 palam,
1118 3281 1366 3366 quaerit
1410 3302 1533 3366 quo
1577 3282 1791 3366 turpia
1834 3283 2013 3347 celet.
2073 3295 2139 3345 85

206 3365 490 3452 Regibus
520 3364 626 3429 hic
654 3386 795 3431 mos
825 3370 949 3450 est,
981 3367 1090 3431 ubi
1115 3387 1310 3449 equos
1336 3369 1727 3452 mercantur3
1760 3369 2014 3451 opertos

206 3449 595 3534 Inspiciunt,
640 3471 723 3514 ne
766 3450 820 3514 si
862 3450 1088 3534 facieS,
1134 3453 1206 3514 ut
1247 3471 1466 3534 saepe,
1514 3449 1745 3515 decora

208 3532 392 3599 Molli
435 3534 600 3598 fulta
642 3533 892 3619 pedest,
941 3538 1290 3619 emptorem
1336 3534 1599 3599 inducat
1642 3534 1957 3620 hiantem,

308 3635 567 3678 Eoum
1803 3641 1835 3694 9
