2588 4046
1064 1119 1299 1206 LUS

358 1278 760 1362 Teubnerus,
806 1281 1164 1366 bibliopola
1207 1281 1725 1367 honestissimus,
1771 1304 1915 1348 cum
1952 1286 2136 1367 optu-

213 1360 414 1440 lisset
476 1377 669 1442 nobis
722 1377 1098 1444 facultatem
1153 1380 1417 1443 tertium
1473 1379 1698 1444 edendi
1750 1379 2008 1446 Horatii
2060 1380 2135 1445 li-

212 1475 399 1558 bros,
437 1474 506 1538 id
545 1475 854 1559 quidem
836 1497 904 1539 in
935 1498 1240 1559 praesens
1270 1477 1595 1561 deprecati
1624 1498 1862 1559 sumus,
1896 1478 2135 1561 partim

210 1576 501 1655 propter
554 1573 1063 1658 magnitudinem
1119 1574 1533 1659 negotiorum
1585 1609 1660 1619 —
1711 1575 1840 1639 toti
1900 1576 2135 1659 quippe

209 1691 396 1734 nunc
462 1691 795 1734 versamur
859 1671 928 1734 in
981 1669 1199 1736 Nonio
1253 1670 1675 1755 perpoliendo
1725 1706 1802 1718 —-
1817 1672 2135 1755 ‚partim

213 1766 400 1850 quod
457 1788 591 1832 non
644 1770 905 1851 praesto
959 1771 1143 1832 erant
1186 1771 1290 1833 tot
1335 1789 1437 1832 res
1485 1772 1552 1833 et
1596 1768 1791 1853 taleS,
1844 1772 1919 1833 ut
1964 1770 2134 1834 tanti

210 1867 399 1929 esset
438 1863 719 1947 priorem
756 1884 1035 1968 operam,
1073 1864 1234 1928 satis
1273 1866 1763 1949 comprobatam
1794 1866 1976 1930 illam
2003 1866 2135 1932 ido-

208 1982 496 2026 neorum
545 1983 809 2026 assensu
825 1944 1155 2045 iudicum,
1200 1965 1456 2027 mutare
1501 1982 1690 2028 nova.
1729 1997 1813 2008 —
1851 1961 2135 2029 Paucula

211 2063 449 2125 tamen
512 2059 618 2124 hic
678 2059 816 2124 illic
870 2058 1241 2144 refingenda
1294 2059 1772 2123 transmisimus
1825 2059 2133 2144 Lipsiam.

213 2194 306 2203 —
343 2156 600 2222 Notum
648 2159 861 2221 autem
910 2156 1125 2241 vulg0,
1171 2177 1282 2221 cur
1327 2157 1674 2221 timeamus
1722 2155 1979 2240 saepius
2019 2157 2134 2220 im-

215 2258 481 2318 mutare
538 2253 606 2318 in
659 2253 783 2317 hac
837 2252 1142 2336 editione,
1199 2275 1363 2338 quae
1407 2254 1758 2318 iuventutis
1806 2252 2132 2318 studiosae

216 2351 641 2435 potissimum
686 2351 908 2415 usibus
960 2349 1282 2414 destinata
1328 2353 1443 2433 est,
1490 2353 1862 2414 contextum
1908 2351 2132 2415 verbo-

214 2470 367 2511 rum
419 2448 775 2532 antiquitus
820 2446 1149 2511 traditum.
1183 2482 1273 2492 —
1310 2445 1497 2522 Quod
1543 2468 1686 2511 cum
1731 2447 1828 2511 ita
1871 2446 1974 2530 sit,
2019 2447 2133 2511 mi-

216 2543 355 2606 rari
405 2542 570 2625 noli,
616 2542 785 2627 quod
832 2543 1055 2626 sexies,
1100 2565 1232 2608 non
1279 2544 1567 2628 saepius,
1613 2566 1652 2608 a
1694 2544 1884 2608 nobis
1927 2566 2133 2610 novae

211 2661 397 2705 nunc
434 2642 729 2724 receptae
768 2643 919 2705 sunt
955 2641 1358 2706 coniecturae
1398 2641 1761 2725 doctorum3
1799 2663 1961 2725 quae
1999 2642 2133 2725 qui-

213 2737 369 2802 dem
420 2740 573 2801 sunt
616 2738 766 2802 hae.

355 2832 685 2920 G.11,5‚
735 2835 973 2968 14,15
1030 2834 1198 2918 quod
1260 2870 1343 2882 ——
1402 2856 1609 2899 annus
1655 2855 1774 2917 pro
1829 2857 1991 2919 quos
2044 2871 2132 2882 -

210 2953 450 2997 annos.

352 3027 428 3095 G.
469 3027 531 3093 S.
567 3030 673 3113 26,
708 3030 792 3094 27
842 3030 1096 3095 stabilis
1142 3051 1259 3113 per
1298 3050 1526 3093 aevum
1562 3028 1879 3094 terminus
1917 3033 2134 3094 servat

201 3151 322 3212 pro
377 3126 767 3211 stabilisque
812 3149 1028 3193 rerum
1073 3127 1391 3192 terminus
1439 3129 1664 3190 servet.

342 3225 478 3309 Ep.
523 3224 624 3306 11,
660 3224 744 3288 27
796 3224 904 3288 sed
952 3223 1145 3288 ardor
1191 3223 1359 3288 alius
1396 3243 1516 3305 pro
1561 3222 1673 3288 sed
1715 3224 1883 3290 alius
1924 3224 2130 3290 ardor.

340 3323 476 3408 Ep.
530 3321 630 3403 12,
678 3320 766 3384 20
811 3343 928 3385 sua
962 3341 1081 3403 pro
1126 3341 1315 3387 nova.

339 3419 410 3488 S.
459 3416 515 3500 I,
562 3418 625 3500 8,
676 3416 761 3482 15
806 3439 933 3501 qua
972 3439 1092 3500 pro
1139 3438 1284 3501 quo.

332 3516 402 3585 S.
454 3515 546 3599 H,
596 3514 656 3598 6,
703 3514 790 3579 58
838 3515 1172 3600 egregium
1207 3536 1329 3597 pro
1374 3506 1635 3601 egregii.

1741 3618 1814 3672 a*
