2588 4046
448 256 578 322 204
1146 259 1656 317 EPISTVLARVM
2233 259 2384 333 [XV.

576 423 683 488 Me
725 422 882 487 facit
921 420 1227 506 invisum,
1270 422 1485 508 gelida
1527 443 1670 489 cum
1713 423 1969 507 perluor
2009 421 2183 488 unda

512 520 548 571 ὅ
575 507 700 572 Per
740 507 1022 571 medium
1129 506 1144 520 ‘
1272 556 1288 571 .
1378 505 1543 572 Sane
1586 510 1860 572 murteta
1901 507 2177 590 relinqui

578 591 891 675 Dictaque
935 611 1159 655 cessan
1190 612 1291 655 em
1333 592 1545 656 nervis
1591 590 1823 656 elidere
1864 590 2158 655 morbum

577 674 836 741 Sulfura.
876 675 1201 740 contemni
1273 675 1450 739 vicus
1490 676 1718 760 gemit,
1764 674 2018 740 invidus
2060 674 2270 759 aegris
2285 723 2305 757 ,

578 760 702 836 Qui
724 761 916 857 caput
932 760 1000 823 et
1024 758 1423 823 stomachum
1452 780 1808 843 supponere
1836 758 2124 823 fontibus
2144 758 2391 823 audent

579 843 886 925 Clusinis,
932 841 1297 925 Gabiosque
1339 844 1566 926 petunt
1609 844 1673 907 et
1709 842 1947 928 frigida
1987 863 2153 907 rura.

484 941 549 991 ιο
577 927 923 992 Mutandae
966 927 1144 991 locus
1188 930 1290 990 est
1332 929 1397 991 et
1438 926 1799 991 deversoria
1839 929 1994 991 nota

577 1010 1124 1095 Praeteragendus
1169 1031 1386 1093 equus.
1475 1009 1638 1087 ‘Quo
1664 1009 1888 1159 (tjendis
1903 1010 1937 1075 ⁶?
2023 1009 2179 1078 Non
2219 1009 2390 1075 mihi

1718 1116 1897 1158 umas

577 1179 702 1245 Est
740 1179 863 1244 iter
905 1180 1017 1243 aut
1057 1178 1273 1243 Baias'
1318 1178 1500 1243 laeva
1545 1178 1983 1244 stomachosus
2024 1177 2281 1242 habena.

578 1263 767 1328 Dicet
808 1283 1027 1345 eques;
1074 1262 1184 1326 sed
1227 1263 1408 1345 equis
1451 1262 1765 1327 frenatost
1806 1262 1976 1327 auris
2019 1262 2090 1326 in
2132 1263 2308 1348 ore);

577 1346 787 1410 Maior
826 1350 1039 1410 utrum
1124 1346 1387 1430 opulum
1430 1346 1733 1411 frumenti
1777 1346 1964 1430 copia
2004 1350 2251 1429 pascat,

482 1442 546 1493 15
577 1428 979 1495 Collectosne
1022 1368 1246 1494 bilbant
1287 1430 1523 1494 imbres
1564 1433 1874 1527 puteosne
1915 1450 2230 1514 perennes

577 1514 757 1599 Iugis
800 1534 999 1597 aquae
1044 1514 1224 1597 (nam
1266 1515 1418 1577 vina
1458 1513 1623 1579 nihil
1664 1534 1880 1579 moror
1921 1513 2095 1578 illius
2136 1535 2316 1580 orae.

578 1598 750 1663 Rure
791 1618 935 1662 meo
977 1619 1239 1681 possum
1281 1597 1531 1681 quidvis
1574 1598 1854 1681 perferre
1941 1598 2184 1682 atique3

577 1682 685 1747 Ad
724 1703 899 1746 mare
943 1702 1088 1746 cum
1128 1681 1305 1765 veni,
1358 1702 1741 1766 generosum
1791 1685 1858 1747 et
1934 1703 2051 1746 ene
2094 1682 2355 1765 requiro
2367 1731 2390 1767 ,

580 1765 766 1850 Quod
809 1787 992 1830 curas
1036 1765 1281 1850 abigat,
1328 1765 1499 1849 quod
1542 1786 1687 1831 cum
1728 1787 1761 1830 s
1808 1788 1844 1830 e
1886 1764 2079 1830 divite
2120 1770 2348 1831 manet

480 1862 548 1912 20
575 1849 654 1913 In
681 1871 876 1914 venas
906 1849 1314 1933 animumque
1341 1871 1586 1934 meum,
1622 1871 1748 1934 quo
1820 1848 2014 1914 verba
2039 1849 2391 1934 ministret,

580 1933 766 2009 Quod
806 1954 910 1997 me
951 1932 1247 1998 Lucanae
1298 1933 1590 1999 iuvenem
1634 1933 2037 1999 commendet
2076 1934 2389 2021 amicae);

578 2017 843 2083 Tractus
885 2020 1026 2082 uter
1066 2018 1280 2116 plures
1324 2018 1600 2102 lepores,
1644 2021 1786 2084 uter
1829 2017 2056 2084 educet
2095 2039 2319 2104 apros;

578 2100 741 2166 Vtra
781 2101 986 2186 magis
1029 2122 1236 2185 p1sces
1281 2103 1348 2166 et
1388 2100 1649 2167 echinos
1691 2125 1766 2168 ae
1810 2123 1966 2167 uora
2006 2103 2242 2185 celent,

578 2184 651 2249 P·
796 2186 846 2249 's
872 2189 946 2251 ut
972 2185 1122 2250 inde
1151 2185 1410 2250 domum
1452 2187 1695 2271 possim
1722 2186 1777 2251 P
1822 2207 2099 2270 aeaxque
2127 2187 2392 2272 reverti,

480 2281 546 2332 25
579 2206 867 2334 Scribere
910 2272 978 2334 te
1017 2269 1206 2334 nobis
1223 2318 1242 2353 ,
1286 2270 1410 2334 tibi
1449 2291 1570 2335 nos
1613 2270 1949 2335 adcredere
1991 2292 2107 2367 par
2149 2274 2266 2336 est.

578 2352 886 2435 MaeniuS,
914 2356 985 2417 ut
1020 2353 1209 2418 rebus
1252 2355 1558 2419 maternis
1601 2358 1792 2438 atque
1834 2357 2117 2438 paterms

578 2436 853 2501 Fortiter
894 2435 1248 2521 absumptis
1287 2438 1570 2503 urbanus
1614 2438 1828 2522 coepit
1868 2437 2122 2521 haberi,

580 2520 809 2586 Scurra
848 2541 1077 2606 vagus,
1132 2542 1267 2585 non
1309 2522 1418 2618 qui
1462 2524 1704 2587 certum
1756 2543 1979 2605 praese
2103 2524 2393 2609 teneret,

577 2604 927 2688 Inpransus
969 2625 1104 2669 non
1147 2605 1256 2688 qui
1301 2626 1502 2670 curem
1545 2605 1951 2690 dignosceret
2037 2609 2176 2670 oste
2191 2656 2209 2690 ,

479 2701 547 2752 30
576 2687 910 2765 Quaelibet
951 2688 1021 2753 in
1063 2688 1347 2772 quemvis
1392 2710 1430 2753 o
1476 2689 1737 2773 probria
1776 2690 2020 2775 fingere
2062 2711 2325 2775 saevus,

575 2772 898 2837 Pernicies
941 2774 1007 2837 et
1045 2774 1392 2857 tempestas
1479 2774 1928 2857 arathrumque
1970 2774 2255 2857 macelli,

578 2855 900 2940 Quidquid
945 2857 1302 2940 quaesierat
1342 2857 1550 2921 ventri
1593 2857 1860 2922 donaret
1898 2878 2112 2922 avam.

574 2939 730 3023 Hic,
773 2940 883 3004 ubi
926 2941 1247 3024 nequitiae
1289 2940 1645 3006 fautoribus
1689 2944 1755 3006 et
1794 2941 2036 3006 timidis
2078 2941 2175 3006 nil

575 3023 710 3088 Aut
750 3023 1035 3108 paullum
1078 3025 1455 3109 abstulerat,
1500 3026 1754 3109 patinas
1798 3025 2069 3091 cenabat
2109 3028 2323 3093 omasi

476 3119 544 3170 85
583 3106 738 3172 Vilis
782 3110 847 3172 et
887 3108 1191 3193 agninae,
1233 3108 1437 3173 tribus
1479 3110 1642 3174 ursis
1729 3109 1859 3174 uod
1901 3110 2056 3174 satis
2101 3113 2307 3196 esset3

576 3190 834 3256 Scilicet
874 3195 950 3255 ut
988 3195 1242 3257 ventres
1294 3193 1512 3257 lamna
1554 3214 1673 3258 can
1717 3195 1862 3258 ente
1905 3195 2213 3277 nepotum

574 3273 835 3340 Diceret
876 3275 1151 3340 urendos
1196 3279 1515 3342 corrector
1554 3276 1827 3342 Bestius.
1914 3277 2126 3361 Idem,

523 3396 526 3399 ι
575 3358 896 3443 Quidquid
938 3363 1076 3424 erat
1115 3362 1342 3425 nactus
1385 3360 1655 3458 praedae
1695 3361 1986 3444 maioris,
2034 3361 2146 3427 ubi
2190 3383 2394 3429 omne

572 3441 868 3508 Verterat
888 3443 959 3507 in
984 3443 1233 3508 fumum
1257 3447 1323 3508 et
1345 3465 1640 3530 emerem,
1671 3450 1826 3509 ‘non
1853 3443 2112 3510 hercule
2132 3446 2387 3531 miror,’

476 3538 543 3588 40
570 3526 831 3612 Aiebat,
877 3527 1071 3615 ‘siqui
1113 3527 1459 3594 comedunt
1497 3529 1696 3615 bona,
1740 3550 1886 3595 cum
1927 3529 2014 3594 sit
2056 3530 2252 3595 obeso
