2588 4046
146 259 210 334 1.]
952 259 1167 316 Lmen
1209 259 1252 318 1.
1954 255 2071 322 187

139 420 230 487 Et
270 419 555 485 maribus
600 417 806 487 Curiis
851 422 917 486 et
958 422 1292 487 decantata
1334 420 1665 488 Camillis?

140 502 290 570 Isne
333 504 453 569 tibi
495 503 724 570 melius
769 504 1021 588 suadet,
1068 506 1176 589 qui
1221 510 1379 571 ‘rem
1422 506 1654 590 facias,
1699 527 1865 589 rem,
2008 517 2073 570 65

143 587 213 654 Si
256 587 494 672 possis,
539 591 741 672 recte,
788 588 843 653 si
884 610 1051 672 non,
1105 610 1501 674 quocumque
1544 590 1734 656 modo
1779 612 1946 673 rem,

142 669 233 738 Vt
273 671 537 769 propius
582 674 828 755 spectes
872 672 1209 739 lacrimosa
1249 676 1545 758 poemata
1586 674 1808 760 Pupi3’

142 756 252 820 An
296 776 407 839 qul
461 754 780 821 Fortunae
824 758 888 821 te
931 777 1310 840 responsare
1358 758 1665 843 superbae

142 838 445 904 Liberum
490 841 556 904 et
590 841 870 905 erectum
956 861 1212 907 raesens
1253 840 1548 907 hortatur
1592 846 1656 907 et
1697 841 1919 926 aptat?

145 921 389 999 Quodsi
431 944 534 988 me
575 923 851 1020 populus
995 945 1222 990 manus
1264 926 1432 990 forte
1469 946 1542 990 ro
1592 928 1683 1008 et,
1729 946 1840 991 cur
2010 937 2077 987 ‘10

143 1006 297 1072 Non
342 1008 413 1071 ut
454 1007 804 1091 porticibus
849 1007 941 1073 sic
983 1007 1233 1074 iudiciis
1275 1008 1454 1073 fruar
1495 1009 1551 1073 is
1597 1030 1727 1092 em,

144 1090 283 1156 Nec
312 1110 542 1174 sequar
585 1093 697 1155 aut
737 1090 980 1177 fugiam
1025 1113 1186 1176 quae
1230 1092 1342 1156 dil’
1397 1093 1445 1156 ’t
1485 1092 1623 1190 ipse
1651 1092 1754 1157 vel
1783 1093 1946 1159 odit:

148 1173 319 1240 Olim
364 1173 797 1259 quodvolpes
841 1179 1101 1261 aegroto
1148 1179 1333 1241 cauta
1400 1196 1546 1240 eom

146 1257 533 1342 Respondit,
576 1258 876 1324 referam:
936 1260 1106 1342 ‘quia
1146 1280 1249 1324 me
1293 1259 1567 1346 vestigia
1607 1263 1877 1343 terrent,

149 1341 381 1408 Omnia
421 1344 486 1407 te
531 1340 864 1407 adversum
900 1342 1282 1428 spectantia,
1326 1344 1508 1409 nulla
1548 1346 1942 1410 retrorsum?
2011 1354 2076 1406 ‘15

147 1424 350 1491 Belua
390 1425 736 1490 multorum
781 1446 849 1491 es
893 1426 1192 1511 capitum.
1291 1427 1463 1494 Nam
1518 1426 1670 1512 quid
1716 1448 1952 1576 “sequar

1366 1515 1479 1576 aut
1562 1533 1706 1577 uem

148 1593 306 1659 Pars
350 1592 681 1659 hominum
720 1594 918 1680 gestit
945 1592 1297 1660 conducere
1340 1533 1620 1680 publiga3
1666 1597 1817 1660 sunt
1844 1596 1952 1679 qui

152 1675 400 1743 Crustis
446 1679 511 1742 et
551 1678 759 1762 pomis
800 1678 1022 1743 viduas
1067 1682 1380 1744 venentur
1423 1699 1676 1762 avaras,

150 1761 617 1858 Excipiantque
662 1782 874 1846 senes,
920 1783 1079 1847 quos
1121 1763 1192 1826 in
1234 1762 1477 1827 vivaria
1516 1763 1805 1846 mittant3

149 1845 375 1910 Multrs
421 1845 671 1910 occulto
718 1846 944 1912 crescit
984 1867 1086 1911 res
1129 1846 1371 1912 fenore.
1444 1845 1686 1911 Verum
1814 1923 1817 1928 .
2011 1857 2079 1909 80

145 1929 314 1996 Esto
359 1928 503 1994 aliis
547 1929 707 1994 alios
751 1929 938 1995 rebus
982 1930 1209 1994 studiis
1255 1951 1334 1995 ue
1378 1930 1613 1995 teneri:

148 2012 333 2079 Idem
377 2012 596 2079 eadem
685 2017 910 2080 ossunt
948 2013 1171 2080 horam
1257 2036 1439 2079 urare
1481 2013 1866 2099 probantes?

149 2097 238 2165 ‘N
240 2097 409 2163 ullus
453 2098 524 2163 in
566 2117 639 2163 or
684 2120 718 2163 e
763 2098 939 2163 sinus
981 2097 1136 2164 Bais
1178 2099 1506 2183 praelucet
1549 2099 1856 2164 amoenis’

150 2182 221 2248 Si
268 2181 431 2246 dixit
473 2181 675 2247 dives:
719 2182 895 2247 lacus
939 2184 1005 2247 et
1044 2203 1217 2247 mare
1261 2182 1459 2248 sentit
1501 2203 1781 2249 amorem

150 2265 543 2331 Festinantis
587 2266 706 2351 eri3
754 2265 854 2331 cui
899 2266 954 2330 si
997 2266 1227 2331 vitiosa
1271 2266 1469 2331 libido
2015 2276 2082 2329 85

150 2349 404 2416 Fecerit
447 2370 558 2413 aus
604 2350 796 2415 icium
872 2354 1035 2415 ‘cras
1079 2350 1466 2416 ferramenta
1508 2350 1792 2417 Teanum

152 2432 453 2516 Tolletis,
498 2433 566 2497 fa
608 2433 707 2499 ri.'
797 2398 1026 2498 laectus
1069 2434 1342 2520 genialis
1386 2435 1455 2499 in
1497 2436 1734 2500 aulast:

153 2516 265 2583 Nil
312 2517 406 2581 ait
449 2537 586 2582 esse
626 2517 837 2615 prius,
881 2517 1109 2583 melius
1151 2518 1246 2584 nil
1291 2518 1531 2584 caelibe
1574 2519 1733 2603 vita3

154 2600 222 2667 Si
265 2621 403 2665 non
448 2603 573 2684 est,
619 2604 789 2666 iurat
828 2601 990 2666 bene
1033 2601 1186 2666 solis
1229 2622 1367 2667 esse
1410 2602 1676 2667 maritis.

151 2684 293 2762 Quo
341 2688 597 2749 teneam
637 2685 850 2753 voltus
892 2687 1247 2750 mutantem
1289 2684 1524 2752 Protea
1564 2686 1733 2752 nodo
1746 2685 1780 2749 *Ρ
2018 2695 2087 2748 90

152 2769 325 2844 Quid
365 2768 649 2853 pauper?
720 2767 916 2834 Ride:
960 2771 1167 2833 mutat
1210 2770 1537 2854 cenacula,
1581 2771 1807 2853 lectos,

150 2851 430 2935 Balnea,
473 2854 792 2935 tonsores,
838 2852 1152 2918 conducto
1196 2874 1284 2917 na
1330 2854 1343 2867 ’
1398 2853 1456 2919 'o
1500 2874 1696 2938 aeque

150 2936 446 3002 Nauseat
487 2956 560 3001 ac
604 2935 919 3021 locuples,
966 2957 1155 3020 quem
1199 2936 1344 3002 duci
1459 2938 1595 3002 riva
1634 2936 1928 3004 triremis.

154 3019 220 3086 Si
265 3022 526 3086 curatus
570 3019 887 3103 inaequali
927 3022 1188 3085 tonsore
1232 3021 1400 3104 capil
1427 3042 1499 3086 os

153 3103 451 3186 Occurri,
496 3102 693 3187 rides,
739 3103 794 3167 si
837 3102 1002 3168 forte
1047 3104 1354 3170 subucula
1395 3126 1595 3189 pexae
2019 3114 2086 3167 95

152 3186 337 3253 Trita
381 3186 602 3251 subest
641 3186 922 3270 tunicae,
966 3189 1068 3253 vel
1113 3188 1168 3253 si
1210 3191 1369 3273 toga
1411 3188 1676 3255 dissidet
1717 3188 1932 3273 inpar,

153 3270 386 3337 Rides:
435 3269 632 3354 quid?
678 3291 819 3336 mea
863 3291 1005 3336 cum
1048 3293 1135 3356 pu
1228 3276 1297 3337 at
1340 3272 1658 3338 sententia
1700 3293 1944 3355 secum,

155 3353 340 3432 Quod
383 3354 575 3440 petiit
617 3354 891 3438 spernit,
935 3355 1137 3440 repeti
1216 3355 1387 3439 quod
1428 3378 1518 3421 nu
1564 3377 1632 3421 er
1676 3355 1919 3439 omisit,

153 3441 431 3505 Aestuat
474 3442 541 3503 et
581 3437 751 3502 vitae
796 3437 1194 3504 disconvenit
1235 3438 1458 3504 ordine
1581 3442 1648 3504 to

155 3522 397 3608 Diruit,
445 3519 769 3605 aedificat,
814 3524 1020 3587 mutat
1063 3522 1371 3608 quadrata
1412 3487 1732 3599 rotundis3
1994 3533 2091 3584 100
