2588 4046
417 242 544 310 228
1115 248 1626 306 Ems'rvmnvn
2259 253 2355 325 [11.

543 411 794 496 Exiguo
837 413 1146 496 gratoque
1188 412 1420 476 fruaris
1461 415 1746 496 tempore
1788 415 2042 511 raptim.

539 495 880 579 Pauperies
903 495 1210 559 inmunda
1235 498 1455 560 tamen
1482 496 1704 579 procul
1733 496 1929 563 absit:
1974 519 2097 583 ego
2129 501 2351 563 utrum

413 591 516 642 200
542 579 721 645 Nave
763 579 933 643 ferar
973 600 1209 663 magna
1252 601 1337 642 an
1377 601 1603 663 parva,
1646 581 1815 644 ferar
1850 603 2013 646 unus
2045 584 2110 647 et
2153 582 2346 647 idem.

540 662 694 729 Non
736 663 985 747 agimur
1023 662 1286 726 tumidis
1328 664 1487 728 velis
1529 665 1850 747 Aquilone
1894 666 2208 731 secundo:

539 746 692 812 Non
732 749 948 812 tamen
991 746 1269 811 adversis
1314 750 1588 812 aetatem
1632 748 1918 814 ducimus
1960 750 2219 815 Austris
2232 799 2251 833 ‚

539 829 799 895 Viribus
809 880 829 928 ,
875 831 1168 927 ingenie,
1213 832 1454 915 specie,
1499 832 1763 914 virtute,
1807 833 1983 930 loco,
2025 855 2097 899 re

539 913 825 979 Extremi
867 936 1249 998 primorum,
1298 916 1595 980 extremis
1638 937 1836 999 usque
1878 938 2144 1000 priores.

410 1010 512 1061 205
540 997 690 1064 Non
714 1021 781 1063 es
811 1020 1068 1064 avarus:
1114 998 1239 1063 abi.
1309 998 1516 1075 Quid?
1583 998 1808 1065 Cetera
1835 1000 1964 1063 iam
1993 1001 2186 1066 simul
2215 1002 2347 1067 isto

539 1082 702 1148 Cum
745 1083 901 1148 vitio
945 1082 1211 1168 fugere?
1274 1081 1467 1148 Caret
1509 1082 1629 1147 tibi
1718 1087 1894 1149 ectus
1937 1085 2116 1148 inani

536 1166 949 1232 Ambitione?
996 1169 1169 1231 caret
1210 1167 1436 1231 mortis
1478 1167 1669 1231 formi
1719 1167 1732 1181 '
1784 1187 1818 1231 e
1864 1170 1929 1232 et
1970 1168 2109 1232 ira?

538 1250 827 1333 Somnia,
871 1254 1176 1333 terrores,
1219 1251 1541 1336 magicos,
1586 1251 1919 1334 miracula,
1967 1274 2156 1337 sagas
2167 1301 2186 1335 ,

534 1333 599 1399 N
601 1337 901 1400 octurnos
944 1336 1214 1400 lemures
1257 1338 1678 1418 portentaque
1719 1334 2027 1399 Thessala
2068 1335 2289 1401 rides?

408 1430 510 1481 210
536 1417 801 1484 Natales
843 1422 1027 1504 grate
1069 1418 1412 1482 numeras?
1457 1419 1740 1504 ignoscis
1782 1419 2051 1483 amicis?

535 1502 769 1567 Lenior
812 1505 876 1567 et
916 1503 1144 1567 melior
1186 1503 1261 1567 fis
1307 1502 1644 1567 accedente
1688 1502 1988 1566 senecta?

535 1586 702 1662 Quid
744 1589 809 1650 te
854 1589 1145 1671 exempta
1186 1586 1359 1655 levat
1399 1608 1429 1650 s
1476 1586 1600 1650 inis
1643 1586 1722 1650 de
1763 1586 2054 1670 pluribus
2096 1588 2277 1652 una?

533 1668 765 1736 Vivere
809 1670 864 1734 si
905 1673 1076 1736 recte
1117 1670 1328 1735 nescis
1339 1719 1359 1753 ,
1456 1669 1642 1735 ccede
1684 1670 1926 1753 peritis.

533 1753 773 1819 Lusisti
817 1755 1001 1837 satis,
1047 1753 1236 1818 edisti
1279 1753 1434 1818 satis
1477 1755 1666 1837 atque
1709 1754 1959 1820 bibisti:

405 1850 507 1900 215
538 1838 813 1923 Tempus
858 1838 1031 1903 abire
1074 1837 1284 1920 tibist,
1327 1858 1411 1901 ne
1499 1840 1679 1901 otum
1721 1837 1961 1922 largius
2005 1859 2203 1923 aequo

531 1922 763 1987 Rideat
806 1926 869 1986 et
910 1923 1122 2005 pulset
1162 1921 1401 1985 lasciva
1487 1921 1773 1986 ecentius
1816 1924 2009 1986 aetas.

1299 2210 1427 2285 ΠΙ.

707 2435 712 2440 .
764 2341 906 2430 [nn
947 2340 1180 2407 ARTE
1223 2339 1602 2407 PonTIcA
1646 2339 1956 2440 menn]

531 2425 831 2491 Humano
874 2426 1068 2509 capiti
1112 2425 1421 2490 cervicem
1464 2425 1675 2509 pictor
1718 2447 2015 2509 equinam

529 2510 564 2575 Ι
700 2532 802 2576 ere
846 2510 903 2575 si
942 2509 1099 2573 velit
1140 2512 1205 2574 et
1244 2509 1454 2573 varias
1498 2508 1795 2574 inducere
1837 2511 2088 2594 plumas

530 2593 639 2659 Vn
688 2595 827 2678 ‘que
871 2593 1119 2659 collatis
1162 2593 1496 2677 membris,
1539 2596 1612 2657 ut
1653 2593 1923 2677 turpiter
1965 2597 2174 2659 atrum

529 2678 799 2744 Desinat
840 2678 908 2742 in
951 2676 1194 2760 piscem
1234 2676 1466 2741 mulier
1507 2676 1784 2741 formosa
1826 2698 2128 2761 superne:

465 2776 498 2825 5
529 2761 897 2845 Spectatum
938 2760 1200 2825 admissi
1240 2761 1440 2825 risum
1481 2760 1786 2844 teneatis,
1839 2762 2075 2827 amici?

532 2846 815 2928 Credite,
857 2845 1155 2927 Pisones,
1200 2844 1310 2909 isti
1352 2844 1604 2909 tabulae
1647 2844 1786 2909 fore
1830 2845 2066 2911 librum

529 2929 925 2995 Persimilem
937 2978 956 3012 ,
1002 2929 1178 2993 cuius
1190 2977 1209 3012 ,
1253 2929 1430 2994 velut
1473 2928 1650 3013 aegri
1692 2929 1971 3012 somnia,
2016 2951 2219 2995 vanae

531 3014 885 3099 Fingentur
928 3013 1199 3096 species,
1244 3015 1319 3076 ut
1359 3033 1478 3076 nec
1519 3033 1633 3095 pes
1674 3033 1796 3077 nec
1840 3016 2032 3097 caput
2074 3014 2188 3079 uni

529 3097 855 3162 Reddatur
896 3098 1156 3161 formae.
1242 3095 1602 3161 Pictoribus
1644 3098 1837 3180 atque
1880 3098 2089 3181 poetis

436 3194 501 3243 ιο
534 3181 858 3257 Quidlibet
900 3180 1173 3245 audendi
1216 3201 1466 3263 semper
1506 3179 1631 3243 fuit
1671 3202 1875 3264 aequa
1915 3184 2218 3265 potestas.

532 3265 809 3350 Scimus,
878 3269 943 3330 et
993 3264 1160 3329 hanc
1211 3263 1465 3327 veniam
1525 3264 1924 3362 petimusque
1981 3265 2338 3351 damusque

1617 3370 1918 3414 vicissim·

534 3431 659 3498 Sed
698 3454 832 3498 non
873 3435 947 3498 ut
986 3431 1251 3529 placidis
1297 3434 1522 3496 coeant
1562 3432 1812 3498 inmitia
1883 3400 2018 3497 non
2059 3436 2130 3498 ut

532 3516 870 3601 Serpentes
916 3515 1135 3581 avlbus
1180 3516 1613 3601 geminentur,
1657 3482 1929 3603 tigribus
1974 3518 2141 3604 agni.
