2588 4046
444 250 564 316 122
1259 254 1557 311 EPODON
2171 252 2367 326 [xm

440 431 502 482 15
561 418 785 484 Setosa
827 418 998 483 duris
1045 438 1270 482 exuere
1362 415 1588 481 ellibus

561 502 895 567 Laboriosi
936 502 1212 588 remiges
1351 501 1364 514 '
1412 500 1471 565 ei

560 586 835 651 Volente
880 584 1068 651 Circa
1107 584 1395 650 membra
1398 633 1421 682 t
1465 587 1621 649 tunc
1662 605 1842 649 mens
1887 587 1950 649 et
1993 603 2192 672 sonus

563 670 877 755 Relapsus
923 672 1112 754 atque
1155 672 1349 734 notus
1391 690 1462 732 111
1504 669 1713 734 voltus
1756 668 1980 734 honor.

562 753 727 819 Dedi
773 754 929 819 satis
973 774 1285 839 superque
1328 774 1679 838 poenarum
1719 753 1869 836 tibi,

436 852 503 902 20
565 839 803 903 Amata
844 838 1057 903 nautis
1102 838 1375 902 multum
1419 840 1483 901 et
1523 837 1944 905 institoribus.

709 923 758 988 ‘t
797 922 1086 987 iuventas
1133 925 1198 987 et
1238 921 1627 987 verecundus
1672 922 1845 986 color

559 1007 655 1072 Re
687 1007 845 1091 'quit
884 1028 995 1071 ora
1037 1006 1204 1091 pelle
1248 1005 1484 1070 amicta
1527 1005 1765 1088 lurida,

561 1090 714 1156 Tuis
760 1090 1029 1175 capillus
1076 1090 1258 1154 albus
1305 1092 1404 1154 est
1448 1089 1775 1172 odoribus,

559 1175 826 1242 Nullum
871 1175 951 1239 ab
995 1174 1214 1239 labore
1256 1195 1360 1239 me
1403 1173 1671 1239 reclinat
1714 1174 1944 1258 otium3

434 1273 499 1323 25
562 1259 814 1344 Vrguet
854 1259 1022 1323 diem
1063 1280 1192 1323 nox
1237 1262 1304 1322 et
1344 1257 1479 1323 dies
1522 1261 1806 1341 noctem,
1848 1260 2117 1342 nequest

560 1344 797 1409 Levare
836 1346 1017 1408 tenta
1059 1342 1286 1427 spiritu
1325 1342 1715 1427 praecordia.

560 1427 650 1491 Er
696 1449 733 1492 o
776 1430 1082 1512 negatum
1123 1427 1348 1491 vincor
1388 1430 1463 1491 ut
1504 1425 1758 1491 credam
1800 1426 2024 1510 miser,

561 1450 814 1576 sagena
854 1514 1075 1595 pectus
1117 1510 1447 1594 increpare
1491 1510 1775 1575 carmina

562 1594 892 1693 Caputque
934 1595 1149 1659 Marsa
1193 1594 1464 1659 dissilire
1507 1594 1720 1658 nenia.

433 1693 501 1743 30
565 1679 729 1756 de
773 1679 1045 1763 amplius
1088 1677 1230 1743 vis?
1287 1677 1342 1743 O
1386 1698 1560 1742 mare
1604 1681 1669 1743 et
1708 1680 1906 1761 terra,
1952 1677 2178 1763 ardeo,

560 1763 886 1840 Quantum
927 1784 1131 1847 neque
1174 1764 1314 1826 atro
1361 1760 1678 1826 delibutus
1720 1761 2026 1827 Hercules

558 1847 751 1914 Nessi
794 1867 1044 1930 cruore,
1088 1867 1208 1912 1160
1253 1845 1485 1911 Sicana
1526 1845 1772 1911 fervida

558 1930 791 1996 Virens
835 1932 905 1995 in
947 1931 1161 1995 Aetna
1201 1930 1483 1995 flamma·
1530 1934 1630 2015 111,
1678 1930 1880 1995 donec
1923 1929 2081 1996 cinis

559 2014 891 2082 Iniuriosis
935 2014 1148 2080 aridus
1191 2014 1399 2080 ventis
1442 1981 1637 2099 ferar,

432 2113 497 2163 85
566 2098 752 2166 Cales
795 2100 1056 2165 venenis
1099 2100 1359 2165 officina
1402 2098 1740 2166 Colchicis.

558 2184 735 2260 Quae
777 2185 922 2249 finis
967 2187 1080 2248 aut
1121 2184 1291 2268 quod
1333 2205 1436 2248 me
1477 2188 1695 2249 manet
1737 2183 2171 2268 stipendium?

554 2268 798 2354 Effare3
843 2269 1048 2333 iussas
1093 2288 1237 2333 011111
1279 2268 1404 2332 fide
1446 2290 1685 2352 poenas
1729 2269 1929 2353 luam,

557 2352 824 2417 Paratus
868 2353 1151 2437 expiare,
1196 2373 1310 2417 seu
1352 2353 1716 2437 poposceris

559 2434 833 2501 Centum
876 2437 1208 2520 iuvencos,
1253 2436 1387 2501 sive
1430 2436 1723 2501 mendaci
1765 2436 1904 2520 lyra

430 2533 499 2583 40
559 2520 756 2586 Voles
802 2521 1044 2585 sonari:
1089 2523 1160 2584 111
1214 2519 1474 2605 pudica,
1517 2523 1591 2584 tu
1632 2521 1836 2605 proba

557 2604 1034 2670 Perambulabis
1081 2606 1252 2669 astra
1297 2603 1470 2669 sidus
1515 2625 1793 2670 aureum.

555 2689 821 2753 Infamis
864 2689 1147 2753 Helenae
1193 2686 1422 2754 Castor
1466 2689 1744 2755 offensus
1787 2690 1988 2755 vicem

556 2772 900 2856 Fraterque
942 2773 1163 2859 magni
1208 2771 1493 2839 Castoris
1508 2821 1527 2856 ‚
1569 2773 1724 2838 victi
1764 2795 1951 2857 prece
1963 2822 1985 2859 ,

555 2856 875 2941 Adempta
916 2858 1048 2922 vati
1089 2855 1419 2922 reddidere
1462 2856 1733 2922 lumina:

427 2952 493 3002 45
556 2939 645 3004 Et
686 2943 757 3004 111
785 2978 870 2988 --
897 2944 1083 3025 potes
1125 2962 1277 3005 nam
1308 2978 1394 2991 —-
1423 2941 1598 3005 solve
1640 2962 1743 3006 me
1787 2941 2144 3029 dementia,

555 3023 609 3089 O
654 3045 774 3089 nec
817 3025 1098 3108 paternis
1142 3025 1433 3089 obsoleta
1476 3025 1799 3108 sordibus,

549 3107 614 3173 N
618 3129 688 3173 ec
732 3108 799 3171 in
844 3109 1149 3193 sepulcris
1191 3129 1544 3193 pauperum
1585 3109 1862 3193 prudens
1904 3130 2064 3174 anus

547 3190 614 3257 N
617 3192 982 3257 ovendiales
1026 3192 1335 3277 dissipare
1378 3193 1693 3277 pulveres.

547 3272 695 3340 'ribi
736 3274 1055 3361 hospitale
1098 3279 1322 3362 pectus
1368 3280 1433 3341 et
1470 3297 1669 3374 purae
1712 3297 1936 3341 manus

425 3372 491 3421 50
555 3358 852 3444 Tuusque
895 3364 1117 3426 venter
1158 3360 1563 3426 Pactumems
1575 3408 1594 3443 ,
1647 3363 1712 3424 et
1751 3362 1864 3426 tuo

551 3441 791 3508 Cruore
834 3445 1061 3509 rubros
1107 3445 1419 3510 obstetrix
1461 3465 1712 3529 pannos
1756 3445 1944 3530 lavit,

549 3524 909 3611 Vtcumque
952 3528 1136 3593 fortis
1182 3529 1397 3594 exsilis
1441 3535 1795 3614 puerpera?
