<?xml version="1.0" encoding="UTF-8"?>
<!DOCTYPE html PUBLIC "-//W3C//DTD XHTML 1.0 Transitional//EN"
    "http://www.w3.org/TR/xhtml1/DTD/xhtml1-transitional.dtd">
<html xmlns="http://www.w3.org/1999/xhtml" xml:lang="en" lang="en">
 <head>
  <title>
</title>
<meta http-equiv="Content-Type" content="text/html;charset=utf-8" />
  <meta name='ocr-system' content='tesseract 3.04.00' />
  <meta name='ocr-capabilities' content='ocr_page ocr_carea ocr_par ocr_line ocrx_word'/>
</head>
<body>
  <div class='ocr_page' id='page_1' title='image "./qvaleriicatulli03catugoog_0098.png"; bbox 0 0 2588 4046; ppageno 0'>
   <div class='ocr_carea' id='block_1_1' title="bbox 473 1483 537 1531">
    <p class='ocr_par' dir='ltr' id='par_1_1' title="bbox 473 1483 537 1531">
     <span class='ocr_line' id='line_1_1' title="bbox 473 1483 537 1531; baseline 0 0"><span class='ocrx_word' id='word_1_1' title='bbox 473 1483 537 1531; x_wconf 79' lang='lat'>10</span> 
     </span>
    </p>
   </div>
   <div class='ocr_carea' id='block_1_2' title="bbox 474 1952 534 2000">
    <p class='ocr_par' dir='ltr' id='par_1_2' title="bbox 474 1952 534 2000">
     <span class='ocr_line' id='line_1_2' title="bbox 474 1952 534 2000; baseline 0 0"><span class='ocrx_word' id='word_1_2' title='bbox 474 1952 534 2000; x_wconf 75' lang='lat'>15</span> 
     </span>
    </p>
   </div>
   <div class='ocr_carea' id='block_1_3' title="bbox 466 2422 535 2471">
    <p class='ocr_par' dir='ltr' id='par_1_3' title="bbox 466 2422 535 2471">
     <span class='ocr_line' id='line_1_3' title="bbox 466 2422 535 2471; baseline 0 0"><span class='ocrx_word' id='word_1_3' title='bbox 466 2422 535 2471; x_wconf 80' lang='lat'>20</span> 
     </span>
    </p>
   </div>
   <div class='ocr_carea' id='block_1_4' title="bbox 1230 246 1624 303">
    <p class='ocr_par' dir='ltr' id='par_1_4' title="bbox 1230 246 1624 303">
     <span class='ocr_line' id='line_1_4' title="bbox 1230 246 1624 303; baseline -0.003 0"><span class='ocrx_word' id='word_1_4' title='bbox 1230 246 1624 303; x_wconf 73' lang='lat' dir='ltr'><strong>CARMINVM</strong></span> 
     </span>
    </p>
   </div>
   <div class='ocr_carea' id='block_1_5' title="bbox 1367 480 1472 553">
    <p class='ocr_par' dir='ltr' id='par_1_5' title="bbox 1367 480 1472 553">
     <span class='ocr_line' id='line_1_5' title="bbox 1367 480 1472 553; baseline 0 0"><span class='ocrx_word' id='word_1_5' title='bbox 1367 480 1472 553; x_wconf 94' lang='lat' dir='ltr'>XI</span> 
     </span>
    </p>
   </div>
   <div class='ocr_carea' id='block_1_6' title="bbox 638 610 2010 948">
    <p class='ocr_par' dir='ltr' id='par_1_6' title="bbox 638 610 2010 948">
     <span class='ocr_line' id='line_1_6' title="bbox 640 610 2010 697; baseline 0.001 -20"><span class='ocrx_word' id='word_1_6' title='bbox 640 612 806 688; x_wconf 83' lang='lat' dir='ltr'><strong>Quid</strong></span> <span class='ocrx_word' id='word_1_7' title='bbox 855 612 1195 677; x_wconf 88' lang='lat' dir='ltr'>bellicosus</span> <span class='ocrx_word' id='word_1_8' title='bbox 1241 610 1560 677; x_wconf 85' lang='lat' dir='ltr'>Cantaber</span> <span class='ocrx_word' id='word_1_9' title='bbox 1604 615 1668 676; x_wconf 93' lang='lat' dir='ltr'>et</span> <span class='ocrx_word' id='word_1_10' title='bbox 1711 611 1977 696; x_wconf 82' lang='lat' dir='ltr'>Scythes</span> <span class='ocrx_word' id='word_1_11' title='bbox 1986 661 2010 697; x_wconf 89' lang='lat'><strong><em>,</em></strong></span> 
     </span>
     <span class='ocr_line' id='line_1_7' title="bbox 638 695 1776 781; baseline 0 -21"><span class='ocrx_word' id='word_1_12' title='bbox 638 695 911 780; x_wconf 84' lang='lat' dir='ltr'>Hirpine</span> <span class='ocrx_word' id='word_1_13' title='bbox 957 695 1206 779; x_wconf 81' lang='lat' dir='ltr'>Quinti,</span> <span class='ocrx_word' id='word_1_14' title='bbox 1251 695 1495 781; x_wconf 86' lang='lat' dir='ltr'>cogite-t</span> <span class='ocrx_word' id='word_1_15' title='bbox 1535 695 1776 760; x_wconf 83' lang='lat' dir='ltr'>Hadria</span> 
     </span>
     <span class='ocr_line' id='line_1_8' title="bbox 722 779 1635 862; baseline -0.001 -18"><span class='ocrx_word' id='word_1_16' title='bbox 722 780 980 845; x_wconf 86' lang='lat' dir='ltr'>Divisus</span> <span class='ocrx_word' id='word_1_17' title='bbox 1025 779 1274 844; x_wconf 90' lang='lat' dir='ltr'>obiecto</span> <span class='ocrx_word' id='word_1_18' title='bbox 1285 828 1305 862; x_wconf 88' lang='lat'><em>,</em></span> <span class='ocrx_word' id='word_1_19' title='bbox 1350 779 1635 844; x_wconf 75' lang='lat' dir='ltr'>remittas</span> 
     </span>
     <span class='ocr_line' id='line_1_9' title="bbox 819 863 1985 948; baseline 0.001 -20"><span class='ocrx_word' id='word_1_20' title='bbox 819 863 1160 948; x_wconf 83' lang='lat' dir='ltr'>Quaerere,</span> <span class='ocrx_word' id='word_1_21' title='bbox 1205 885 1325 928; x_wconf 84' lang='lat' dir='ltr'>nec</span> <span class='ocrx_word' id='word_1_22' title='bbox 1369 864 1645 948; x_wconf 74' lang='lat' dir='ltr'>trepides</span> <span class='ocrx_word' id='word_1_23' title='bbox 1690 865 1760 928; x_wconf 88' lang='lat' dir='ltr'>in</span> <span class='ocrx_word' id='word_1_24' title='bbox 1801 886 1985 929; x_wconf 85' lang='lat' dir='ltr'>usum</span> 
     </span>
    </p>
   </div>
   <div class='ocr_carea' id='block_1_7' title="bbox 637 998 1851 1334">
    <p class='ocr_par' dir='ltr' id='par_1_7' title="bbox 637 998 1851 1334">
     <span class='ocr_line' id='line_1_10' title="bbox 637 998 1851 1083; baseline -0.002 -19"><span class='ocrx_word' id='word_1_25' title='bbox 637 998 968 1064; x_wconf 85' lang='lat' dir='ltr'>Poscentis</span> <span class='ocrx_word' id='word_1_26' title='bbox 1012 998 1150 1063; x_wconf 88' lang='lat' dir='ltr'>aevi</span> <span class='ocrx_word' id='word_1_27' title='bbox 1191 1019 1421 1083; x_wconf 87' lang='lat' dir='ltr'>pauca:</span> <span class='ocrx_word' id='word_1_28' title='bbox 1472 998 1642 1083; x_wconf 81' lang='lat' dir='ltr'>fugit</span> <span class='ocrx_word' id='word_1_29' title='bbox 1681 1002 1851 1063; x_wconf 90' lang='lat' dir='ltr'>retro</span> 
     </span>
     <span class='ocr_line' id='line_1_11' title="bbox 637 1082 1748 1167; baseline -0.001 -20"><span class='ocrx_word' id='word_1_30' title='bbox 637 1083 824 1156; x_wconf 85' lang='lat' dir='ltr'>Levis</span> <span class='ocrx_word' id='word_1_31' title='bbox 868 1083 1155 1148; x_wconf 82' lang='lat' dir='ltr'>iuventas</span> <span class='ocrx_word' id='word_1_32' title='bbox 1201 1086 1267 1146; x_wconf 90' lang='lat' dir='ltr'>et</span> <span class='ocrx_word' id='word_1_33' title='bbox 1309 1083 1526 1167; x_wconf 89' lang='lat' dir='ltr'>decor,</span> <span class='ocrx_word' id='word_1_34' title='bbox 1573 1082 1748 1147; x_wconf 87' lang='lat' dir='ltr'>arida</span> 
     </span>
     <span class='ocr_line' id='line_1_12' title="bbox 723 1166 1618 1232; baseline 0 -1"><span class='ocrx_word' id='word_1_35' title='bbox 723 1166 1010 1232; x_wconf 87' lang='lat' dir='ltr'>Pellente</span> <span class='ocrx_word' id='word_1_36' title='bbox 1060 1166 1328 1231; x_wconf 86' lang='lat' dir='ltr'>lascivos</span> <span class='ocrx_word' id='word_1_37' title='bbox 1373 1187 1618 1231; x_wconf 89' lang='lat' dir='ltr'>amores</span> 
     </span>
     <span class='ocr_line' id='line_1_13' title="bbox 818 1250 1842 1334; baseline -0.001 -17"><span class='ocrx_word' id='word_1_38' title='bbox 818 1250 1068 1317; x_wconf 82' lang='lat' dir='ltr'>Canitie</span> <span class='ocrx_word' id='word_1_39' title='bbox 1110 1251 1488 1334; x_wconf 83' lang='lat' dir='ltr'>facilemque</span> <span class='ocrx_word' id='word_1_40' title='bbox 1532 1271 1842 1316; x_wconf 89' lang='lat' dir='ltr'>somnum.</span> 
     </span>
    </p>
   </div>
   <div class='ocr_carea' id='block_1_8' title="bbox 637 1384 2006 1723">
    <p class='ocr_par' dir='ltr' id='par_1_8' title="bbox 637 1384 2006 1723">
     <span class='ocr_line' id='line_1_14' title="bbox 637 1384 1989 1470; baseline -0.001 -19"><span class='ocrx_word' id='word_1_41' title='bbox 637 1384 703 1451; x_wconf 91' lang='lat' dir='ltr'>N</span> <span class='ocrx_word' id='word_1_42' title='bbox 705 1406 790 1450; x_wconf 89' lang='lat' dir='ltr'>on</span> <span class='ocrx_word' id='word_1_43' title='bbox 834 1406 1081 1470; x_wconf 85' lang='lat' dir='ltr'>semper</span> <span class='ocrx_word' id='word_1_44' title='bbox 1124 1385 1291 1449; x_wconf 92' lang='lat' dir='ltr'>idem</span> <span class='ocrx_word' id='word_1_45' title='bbox 1335 1385 1596 1450; x_wconf 88' lang='lat' dir='ltr'>floribus</span> <span class='ocrx_word' id='word_1_46' title='bbox 1643 1389 1741 1450; x_wconf 89' lang='lat' dir='ltr'>est</span> <span class='ocrx_word' id='word_1_47' title='bbox 1780 1385 1989 1450; x_wconf 91' lang='lat' dir='ltr'>honor</span> 
     </span>
     <span class='ocr_line' id='line_1_15' title="bbox 642 1468 2006 1553; baseline 0 -20"><span class='ocrx_word' id='word_1_48' title='bbox 642 1468 875 1534; x_wconf 87' lang='lat' dir='ltr'>Vernis</span> <span class='ocrx_word' id='word_1_49' title='bbox 885 1517 905 1552; x_wconf 89' lang='lat'><strong><em>,</em></strong></span> <span class='ocrx_word' id='word_1_50' title='bbox 949 1490 1154 1553; x_wconf 89' lang='lat' dir='ltr'>neque</span> <span class='ocrx_word' id='word_1_51' title='bbox 1196 1489 1325 1533; x_wconf 91' lang='lat' dir='ltr'>uno</span> <span class='ocrx_word' id='word_1_52' title='bbox 1376 1469 1527 1533; x_wconf 87' lang='lat' dir='ltr'>luna</span> <span class='ocrx_word' id='word_1_53' title='bbox 1567 1468 1799 1535; x_wconf 87' lang='lat' dir='ltr'>rubens</span> <span class='ocrx_word' id='word_1_54' title='bbox 1842 1470 2006 1535; x_wconf 83' lang='lat' dir='ltr'>nitet</span> 
     </span>
     <span class='ocr_line' id='line_1_16' title="bbox 721 1549 1836 1637; baseline 0.003 -22"><span class='ocrx_word' id='word_1_55' title='bbox 721 1549 954 1618; x_wconf 86' lang='lat' dir='ltr'>Voltu:</span> <span class='ocrx_word' id='word_1_56' title='bbox 1013 1552 1163 1637; x_wconf 91' lang='lat' dir='ltr'>quid</span> <span class='ocrx_word' id='word_1_57' title='bbox 1206 1553 1480 1617; x_wconf 86' lang='lat' dir='ltr'>aeternis</span> <span class='ocrx_word' id='word_1_58' title='bbox 1524 1553 1836 1618; x_wconf 87' lang='lat' dir='ltr'>minorem</span> 
     </span>
     <span class='ocr_line' id='line_1_17' title="bbox 818 1636 1764 1723; baseline 0 -21"><span class='ocrx_word' id='word_1_59' title='bbox 818 1636 1120 1703; x_wconf 83' lang='lat' dir='ltr'>Consiliis</span> <span class='ocrx_word' id='word_1_60' title='bbox 1164 1636 1446 1700; x_wconf 83' lang='lat' dir='ltr'>animum</span> <span class='ocrx_word' id='word_1_61' title='bbox 1487 1637 1764 1723; x_wconf 83' lang='lat' dir='ltr'>fatigas?</span> 
     </span>
    </p>
   </div>
   <div class='ocr_carea' id='block_1_9' title="bbox 637 1770 2033 2109">
    <p class='ocr_par' dir='ltr' id='par_1_9' title="bbox 637 1770 2033 2109">
     <span class='ocr_line' id='line_1_18' title="bbox 639 1770 2033 1856; baseline -0.001 -19"><span class='ocrx_word' id='word_1_62' title='bbox 639 1771 769 1837; x_wconf 86' lang='lat' dir='ltr'>Cur</span> <span class='ocrx_word' id='word_1_63' title='bbox 810 1792 944 1835; x_wconf 92' lang='lat' dir='ltr'>non</span> <span class='ocrx_word' id='word_1_64' title='bbox 987 1770 1103 1836; x_wconf 90' lang='lat' dir='ltr'>sub</span> <span class='ocrx_word' id='word_1_65' title='bbox 1148 1772 1277 1836; x_wconf 87' lang='lat' dir='ltr'>alta</span> <span class='ocrx_word' id='word_1_66' title='bbox 1319 1772 1422 1836; x_wconf 83' lang='lat' dir='ltr'>vel</span> <span class='ocrx_word' id='word_1_67' title='bbox 1462 1772 1722 1856; x_wconf 86' lang='lat' dir='ltr'>platano</span> <span class='ocrx_word' id='word_1_68' title='bbox 1767 1772 1869 1837; x_wconf 83' lang='lat' dir='ltr'>vel</span> <span class='ocrx_word' id='word_1_69' title='bbox 1908 1772 2033 1836; x_wconf 87' lang='lat' dir='ltr'>hac</span> 
     </span>
     <span class='ocr_line' id='line_1_19' title="bbox 637 1854 1839 1931; baseline 0.001 -12"><span class='ocrx_word' id='word_1_70' title='bbox 637 1854 804 1919; x_wconf 92' lang='lat' dir='ltr'>Pinu</span> <span class='ocrx_word' id='word_1_71' title='bbox 847 1855 1125 1921; x_wconf 88' lang='lat' dir='ltr'>iacentes</span> <span class='ocrx_word' id='word_1_72' title='bbox 1169 1856 1261 1920; x_wconf 89' lang='lat' dir='ltr'>sic</span> <span class='ocrx_word' id='word_1_73' title='bbox 1305 1858 1543 1931; x_wconf 72' lang='lat' dir='ltr'>temere</span> <span class='ocrx_word' id='word_1_74' title='bbox 1588 1858 1652 1920; x_wconf 82' lang='lat' dir='ltr'>et</span> <span class='ocrx_word' id='word_1_75' title='bbox 1693 1876 1839 1920; x_wconf 88' lang='lat' dir='ltr'>rosa</span> 
     </span>
     <span class='ocr_line' id='line_1_20' title="bbox 724 1937 1564 2023; baseline 0 -19"><span class='ocrx_word' id='word_1_76' title='bbox 724 1937 934 2004; x_wconf 87' lang='lat' dir='ltr'>Canos</span> <span class='ocrx_word' id='word_1_77' title='bbox 980 1939 1227 2003; x_wconf 87' lang='lat' dir='ltr'>odorati</span> <span class='ocrx_word' id='word_1_78' title='bbox 1272 1940 1564 2023; x_wconf 77' lang='lat' dir='ltr'>capiIIOS‚</span> 
     </span>
     <span class='ocr_line' id='line_1_21' title="bbox 814 2023 1886 2109; baseline 0 -21"><span class='ocrx_word' id='word_1_79' title='bbox 814 2023 984 2088; x_wconf 93' lang='lat' dir='ltr'>Dum</span> <span class='ocrx_word' id='word_1_80' title='bbox 1028 2023 1206 2109; x_wconf 89' lang='lat' dir='ltr'>licet,</span> <span class='ocrx_word' id='word_1_81' title='bbox 1254 2025 1644 2107; x_wconf 81' lang='lat' dir='ltr'>Assyrioque</span> <span class='ocrx_word' id='word_1_82' title='bbox 1687 2026 1886 2089; x_wconf 86' lang='lat' dir='ltr'>nardo</span> 
     </span>
    </p>
   </div>
   <div class='ocr_carea' id='block_1_10' title="bbox 637 2158 1897 2495">
    <p class='ocr_par' dir='ltr' id='par_1_10' title="bbox 637 2158 1870 2326">
     <span class='ocr_line' id='line_1_22' title="bbox 637 2158 1870 2242; baseline 0 -19"><span class='ocrx_word' id='word_1_83' title='bbox 637 2158 940 2224; x_wconf 85' lang='lat' dir='ltr'>Potamus</span> <span class='ocrx_word' id='word_1_84' title='bbox 984 2158 1209 2223; x_wconf 80' lang='lat' dir='ltr'>uncti?</span> <span class='ocrx_word' id='word_1_85' title='bbox 1294 2158 1584 2242; x_wconf 86' lang='lat' dir='ltr'>Dissipat</span> <span class='ocrx_word' id='word_1_86' title='bbox 1624 2158 1870 2224; x_wconf 84' lang='lat' dir='ltr'>Euhius</span> 
     </span>
     <span class='ocr_line' id='line_1_23' title="bbox 639 2242 1784 2326; baseline -0.001 -18"><span class='ocrx_word' id='word_1_87' title='bbox 639 2242 838 2309; x_wconf 76' lang='lat' dir='ltr'>ouras</span> <span class='ocrx_word' id='word_1_88' title='bbox 883 2243 1123 2307; x_wconf 88' lang='lat' dir='ltr'>edaces.</span> <span class='ocrx_word' id='word_1_89' title='bbox 1213 2242 1367 2318; x_wconf 85' lang='lat' dir='ltr'>Quis</span> <span class='ocrx_word' id='word_1_90' title='bbox 1410 2263 1567 2326; x_wconf 90' lang='lat' dir='ltr'>puer</span> <span class='ocrx_word' id='word_1_91' title='bbox 1610 2243 1784 2307; x_wconf 90' lang='lat' dir='ltr'>ocius</span> 
     </span>
    </p>

    <p class='ocr_par' dir='ltr' id='par_1_11' title="bbox 719 2325 1897 2410">
     <span class='ocr_line' id='line_1_24' title="bbox 719 2325 1897 2410; baseline 0.001 -21"><span class='ocrx_word' id='word_1_92' title='bbox 719 2326 1101 2410; x_wconf 81' lang='lat' dir='ltr'>Restinguet</span> <span class='ocrx_word' id='word_1_93' title='bbox 1144 2327 1424 2390; x_wconf 87' lang='lat' dir='ltr'>ardentis</span> <span class='ocrx_word' id='word_1_94' title='bbox 1468 2325 1724 2390; x_wconf 87' lang='lat' dir='ltr'>Falerni</span> <span class='ocrx_word' id='word_1_95' title='bbox 1888 2328 1897 2336; x_wconf 79' lang='grc'><strong><em>’</em></strong></span> 
     </span>
    </p>

    <p class='ocr_par' dir='ltr' id='par_1_12' title="bbox 811 2409 1876 2495">
     <span class='ocr_line' id='line_1_25' title="bbox 811 2409 1876 2495; baseline 0.001 -21"><span class='ocrx_word' id='word_1_96' title='bbox 811 2409 1048 2474; x_wconf 86' lang='lat' dir='ltr'>Pocula</span> <span class='ocrx_word' id='word_1_97' title='bbox 1087 2412 1527 2494; x_wconf 79' lang='lat' dir='ltr'>praetereunte</span> <span class='ocrx_word' id='word_1_98' title='bbox 1569 2410 1876 2495; x_wconf 74' lang='lat' dir='ltr'>lympha?</span> 
     </span>
    </p>
   </div>
   <div class='ocr_carea' id='block_1_11' title="bbox 636 2543 1991 2883">
    <p class='ocr_par' dir='ltr' id='par_1_13' title="bbox 636 2543 1991 2883">
     <span class='ocr_line' id='line_1_26' title="bbox 639 2543 1896 2620; baseline 0.001 -12"><span class='ocrx_word' id='word_1_99' title='bbox 639 2543 793 2620; x_wconf 84' lang='lat' dir='ltr'>Quis</span> <span class='ocrx_word' id='word_1_100' title='bbox 839 2545 1090 2609; x_wconf 81' lang='lat' dir='ltr'>devium</span> <span class='ocrx_word' id='word_1_101' title='bbox 1133 2546 1413 2609; x_wconf 85' lang='lat' dir='ltr'>scortum</span> <span class='ocrx_word' id='word_1_102' title='bbox 1457 2544 1669 2609; x_wconf 87' lang='lat' dir='ltr'>eliciet</span> <span class='ocrx_word' id='word_1_103' title='bbox 1709 2545 1896 2610; x_wconf 92' lang='lat' dir='ltr'>domo</span> 
     </span>
     <span class='ocr_line' id='line_1_27' title="bbox 636 2627 1991 2713; baseline 0.001 -22"><span class='ocrx_word' id='word_1_104' title='bbox 636 2627 899 2711; x_wconf 84' lang='lat' dir='ltr'>Lyden?</span> <span class='ocrx_word' id='word_1_105' title='bbox 986 2628 1278 2712; x_wconf 84' lang='lat' dir='ltr'>Eburna,</span> <span class='ocrx_word' id='word_1_106' title='bbox 1332 2628 1433 2693; x_wconf 84' lang='lat' dir='ltr'>dic</span> <span class='ocrx_word' id='word_1_107' title='bbox 1477 2650 1514 2692; x_wconf 86' lang='lat' dir='ltr'>a</span> <span class='ocrx_word' id='word_1_108' title='bbox 1562 2650 1623 2713; x_wconf 90' lang='lat' dir='ltr'>e,</span> <span class='ocrx_word' id='word_1_109' title='bbox 1670 2650 1812 2694; x_wconf 93' lang='lat' dir='ltr'>cum</span> <span class='ocrx_word' id='word_1_110' title='bbox 1856 2630 1991 2712; x_wconf 82' lang='lat' dir='ltr'>lyra</span> 
     </span>
     <span class='ocr_line' id='line_1_28' title="bbox 720 2711 1827 2796; baseline 0.003 -21"><span class='ocrx_word' id='word_1_111' title='bbox 720 2711 1027 2796; x_wconf 86' lang='lat' dir='ltr'>Maturet,</span> <span class='ocrx_word' id='word_1_112' title='bbox 1072 2712 1462 2796; x_wconf 85' lang='lat' dir='ltr'>incomptam</span> <span class='ocrx_word' id='word_1_113' title='bbox 1559 2734 1827 2778; x_wconf 86' lang='lat' dir='ltr'>acaenae</span> 
     </span>
     <span class='ocr_line' id='line_1_29' title="bbox 813 2795 1838 2883; baseline 0.002 -24"><span class='ocrx_word' id='word_1_114' title='bbox 813 2795 993 2860; x_wconf 84' lang='lat' dir='ltr'>More</span> <span class='ocrx_word' id='word_1_115' title='bbox 1038 2817 1286 2861; x_wconf 88' lang='lat' dir='ltr'>comam</span> <span class='ocrx_word' id='word_1_116' title='bbox 1329 2797 1600 2883; x_wconf 86' lang='lat' dir='ltr'>religata</span> <span class='ocrx_word' id='word_1_117' title='bbox 1641 2798 1838 2862; x_wconf 87' lang='lat' dir='ltr'>nodo!</span> 
     </span>
    </p>
   </div>
   <div class='ocr_carea' id='block_1_12' title="bbox 1274 2984 1565 2997">
    <p class='ocr_par' dir='ltr' id='par_1_14' title="bbox 1274 2984 1565 2997">
     <span class='ocr_line' id='line_1_30' title="bbox 1274 2984 1565 2997; baseline 0 0"><span class='ocrx_word' id='word_1_118' title='bbox 1274 2984 1565 2997; x_wconf 95' lang='lat' dir='ltr'> </span> 
     </span>
    </p>
   </div>
   <div class='ocr_carea' id='block_1_13' title="bbox 1343 3138 1502 3213">
    <p class='ocr_par' dir='ltr' id='par_1_15' title="bbox 1343 3138 1502 3213">
     <span class='ocr_line' id='line_1_31' title="bbox 1343 3138 1502 3213; baseline 0.013 -2"><span class='ocrx_word' id='word_1_119' title='bbox 1343 3138 1502 3213; x_wconf 89' lang='lat' dir='ltr'><strong>XII.</strong></span> 
     </span>
    </p>
   </div>
   <div class='ocr_carea' id='block_1_14' title="bbox 635 3266 2209 3606">
    <p class='ocr_par' dir='ltr' id='par_1_16' title="bbox 635 3266 1921 3354">
     <span class='ocr_line' id='line_1_32' title="bbox 635 3266 1921 3354; baseline 0 -21"><span class='ocrx_word' id='word_1_120' title='bbox 635 3266 822 3333; x_wconf 87' lang='lat' dir='ltr'>Nolis</span> <span class='ocrx_word' id='word_1_121' title='bbox 866 3268 1063 3354; x_wconf 88' lang='lat' dir='ltr'>longa</span> <span class='ocrx_word' id='word_1_122' title='bbox 1105 3268 1276 3333; x_wconf 83' lang='lat' dir='ltr'>ferae</span> <span class='ocrx_word' id='word_1_123' title='bbox 1326 3268 1495 3334; x_wconf 88' lang='lat' dir='ltr'>bella</span> <span class='ocrx_word' id='word_1_124' title='bbox 1535 3269 1921 3335; x_wconf 86' lang='lat' dir='ltr'>Numantiae</span> 
     </span>
    </p>

    <p class='ocr_par' dir='ltr' id='par_1_17' title="bbox 635 3350 2209 3420">
     <span class='ocr_line' id='line_1_33' title="bbox 635 3350 2209 3420; baseline 0.002 -4"><span class='ocrx_word' id='word_1_125' title='bbox 635 3350 701 3417; x_wconf 93' lang='lat' dir='ltr'>N</span> <span class='ocrx_word' id='word_1_126' title='bbox 704 3373 775 3416; x_wconf 89' lang='lat' dir='ltr'>ec</span> <span class='ocrx_word' id='word_1_127' title='bbox 818 3352 1025 3417; x_wconf 93' lang='lat' dir='ltr'>dirum</span> <span class='ocrx_word' id='word_1_128' title='bbox 1067 3352 1494 3417; x_wconf 83' lang='lat' dir='ltr'>Hannibalem</span> <span class='ocrx_word' id='word_1_129' title='bbox 1528 3375 1656 3418; x_wconf 86' lang='lat' dir='ltr'>nec</span> <span class='ocrx_word' id='word_1_130' title='bbox 1701 3353 1981 3418; x_wconf 86' lang='lat' dir='ltr'>Siculum</span> <span class='ocrx_word' id='word_1_131' title='bbox 2024 3376 2209 3420; x_wconf 76' lang='lat' dir='ltr'>mare</span> 
     </span>
    </p>

    <p class='ocr_par' dir='ltr' id='par_1_18' title="bbox 638 3435 1983 3606">
     <span class='ocr_line' id='line_1_34' title="bbox 638 3435 1983 3521; baseline 0 -21"><span class='ocrx_word' id='word_1_132' title='bbox 638 3435 853 3501; x_wconf 90' lang='lat' dir='ltr'>Poeno</span> <span class='ocrx_word' id='word_1_133' title='bbox 897 3458 1286 3521; x_wconf 92' lang='lat' dir='ltr'>purpureum</span> <span class='ocrx_word' id='word_1_134' title='bbox 1331 3459 1446 3501; x_wconf 86' lang='lat' dir='ltr'>san</span> <span class='ocrx_word' id='word_1_135' title='bbox 1541 3437 1640 3502; x_wconf 84' lang='lat' dir='ltr'>&#39;ne</span> <span class='ocrx_word' id='word_1_136' title='bbox 1683 3436 1983 3502; x_wconf 89' lang='lat' dir='ltr'>mollibus</span> 
     </span>
     <span class='ocr_line' id='line_1_35' title="bbox 721 3520 1553 3606; baseline 0.001 -22"><span class='ocrx_word' id='word_1_137' title='bbox 721 3521 953 3606; x_wconf 89' lang='lat' dir='ltr'>Aptari</span> <span class='ocrx_word' id='word_1_138' title='bbox 998 3520 1274 3586; x_wconf 84' lang='lat' dir='ltr'>citharae</span> <span class='ocrx_word' id='word_1_139' title='bbox 1318 3541 1422 3585; x_wconf 91' lang='lat' dir='ltr'>mo</span> <span class='ocrx_word' id='word_1_140' title='bbox 1493 3543 1553 3604; x_wconf 85' lang='lat' dir='ltr'>s,</span> 
     </span>
    </p>
   </div>
  </div>
 </body>
</html>
