2588 4046
138 257 201 329 va

834 258 1051 313 LIBER
1092 258 1191 314 111.

260 420 443 503 Atqui
485 421 722 485 sciebat
766 441 927 503 quae
969 419 1093 484 sibi
1136 418 1443 484 barbarus

260 503 471 582 Tortor
510 507 792 589 pararet3
836 524 973 568 non
1015 502 1200 567 aliter
1239 506 1458 567 tamen

333 587 607 653 Dimovit
650 588 979 653 obstantes
1029 586 1421 670 propinquos

417 672 504 737 Et
542 673 850 757 populum
891 671 1131 735 reditus
1174 675 1563 755 morantem,

259 788 448 864 Quam
490 790 544 853 si
589 790 892 854 clientum
934 789 1131 873 longa
1173 788 1438 873 negotia

259 870 603 938 Diiudicata
645 874 759 937 lite
800 872 1215 956 relinqueret,

331 956 618 1021 Tendens
661 956 1065 1022 Venafranos
1107 956 1177 1020 in
1220 976 1411 1040 agros

418 1042 552 1104 Aut
592 1040 1165 1106 Lacedaemonium
1208 1039 1576 1104 Tarentum.

966 1295 1088 1370 VI.

260 1425 496 1493 Delicta
536 1429 851 1492 maiorum
893 1427 1225 1491 inmeritus
1268 1427 1438 1510 lues,

259 1509 559 1595 Romane,
606 1511 807 1576 donec
848 1512 1088 1595 templa
1128 1510 1427 1576 refeceris

334 1596 507 1661 Aede
582 1618 662 1661 ue
706 1595 992 1660 labentes
1037 1595 1300 1660 deorum
1344 1597 1409 1659 et

425 1679 553 1744 Foe
598 1700 637 1743 a
675 1680 863 1764 nigro
908 1680 1247 1744 simulacra
1288 1678 1483 1743 fumo.

263 1795 367 1861 Dis
409 1799 473 1862 te
516 1798 828 1861 minorem
872 1797 1042 1881 quod
1084 1797 1284 1882 geris,
1330 1797 1633 1879 imperas:

264 1878 421 1945 Hinc
463 1902 651 1945 omne
692 1881 1107 1965 principium,
1151 1880 1277 1945 huc
1320 1880 1486 1945 refer
1529 1881 1790 1946 exitum.

338 1964 421 2030 Di
462 1965 665 2030 multa
706 1965 984 2052 neglecti
1028 1963 1337 2030 dederunt

424 2049 772 2134 Hesperiae
814 2051 986 2114 mala
1029 2050 1373 2115 luctuosae.

265 2165 390 2232 Iam
431 2168 530 2232 bis
571 2167 908 2233 Monaeses
952 2171 1017 2232 et
1057 2167 1284 2232 Pacori
1327 2187 1555 2231 manus

264 2249 402 2316 Non
445 2252 806 2336 auspicatos
850 2251 1140 2316 contudit
1181 2253 1270 2316 im
1318 2253 1457 2315 etus

337 2336 605 2402 Nostros
650 2339 715 2401 et
756 2335 1059 2401 adiecisse
1100 2357 1252 2421 prae
1300 2357 1403 2399 am

427 2420 785 2504 Torquibus
829 2421 1074 2505 exiguis
1117 2419 1385 2484 renidet.

265 2535 461 2602 Paene
505 2540 877 2621 occupatam
921 2537 1338 2602 seditionibus

268 2617 505 2685 Delevit
544 2621 785 2687 Vrbem
826 2620 1041 2686 Dacus
1086 2624 1150 2686 et
1190 2621 1535 2705 AethiopS‚

341 2704 461 2769 Hic
503 2706 705 2770 classe
746 2706 1154 2788 formidatus,
1199 2706 1309 2771 ille

433 2788 780 2854 Missilibus
823 2790 1048 2854 melior
1092 2790 1367 2875 sagittis.

268 2903 550 2970 Fecunda
591 2906 815 2990 culpae
858 2907 1111 2972 saecula
1151 2907 1411 2990 nuptias
1508 2958 1513 2964 .

267 2986 534 3054 Primum
577 2990 988 3074 inquinavere
1032 2994 1096 3056 et
1136 3012 1342 3076 genus
1386 2995 1451 3056 et
1501 2991 1751 3056 domos:

344 3072 478 3139 Hoc
520 3075 698 3139 fonte
744 3075 1025 3140 derivata
1069 3074 1280 3140 clades

429 3157 506 3222 In
545 3159 819 3245 patriam
860 3159 1292 3244 populumque
1333 3159 1532 3225 fluxit.

270 3270 466 3339 Motus
511 3277 724 3342 doceri
765 3276 1005 3362 gaudet
1039 3276 1297 3341 Ionicos

273 3355 501 3424 Acerba
543 3362 726 3446 virgo
772 3364 836 3425 et
876 3361 1141 3446 fingitur
1184 3359 1428 3424 artibus

344 3441 473 3509 Iam
513 3465 686 3510 nunc
731 3448 795 3509 et
835 3446 1114 3510 incestos
1159 3465 1408 3509 amores

426 3528 522 3595 De
565 3533 788 3594 tenero
832 3528 1177 3594 meditatur
1219 3529 1439 3613 ungui.

1914 251 1999 317 59

1932 514 1999 563 50

1941 2260 2005 2310 10

1943 2715 2003 2763 15
