2588 4046
459 246 578 310 120
1269 248 1566 306 Eronos
2209 249 2358 323 [xvi.

577 411 765 560 Inpia
791 412 1144 509 ‚perdemus
1190 411 1404 478 devoti
1449 412 1784 509 sanguinis
1828 414 2032 497 aetas,

455 510 519 560 ¹⁰
576 496 2005 645 Barffiufflssffier‘zfffflssfflssffi
2041 581 2268 646 urbem

659 664 876 748 Eques
919 666 1188 729 sonante
1230 663 1593 729 verberabit
1632 665 1905 750 ungula,

579 748 752 825 Quae
794 769 875 813 ue
922 751 1140 813 carent
1178 748 1389 813 ventis
1434 752 1501 814 et
1541 747 1782 813 solibus
1828 769 1975 813 ossa
2017 748 2293 834 Quirini,

662 832 763 899 Ne
793 854 863 898 as
905 832 1145 897 videre!
1205 831 1545 916 dissipabit
1586 832 1890 898 insolens.

457 930 517 979 15
582 917 806 1000 Forte,
843 916 1013 1001 quod
1042 915 1367 1001 expediat,
1400 916 1819 982 communiter
1841 919 1951 981 aut
1978 917 2207 982 melior
2234 937 2376 1002 pars

663 1000 855 1066 Malis
899 1021 1114 1066 carere
1158 1000 1463 1084 quaeritis
1508 1001 1871 1066 laboribus?

576 1085 774 1152 Nulla
818 1085 905 1150 sit
943 1084 1068 1150 hac
1110 1084 1326 1168 potior
1368 1085 1713 1168 sententia,
1760 1084 2202 1151 Phocaeorum

660 1169 860 1235 Velut
898 1169 1190 1254 profugit
1231 1172 1557 1234 exsecrata
1600 1169 1823 1234 civitas

577 1256 792 1339 Agros
835 1256 1025 1337 atque
1076 1254 1247 1318 lares
1305 1253 1550 1337 patrios
1560 1302 1579 1336 ‚
1622 1253 2094 1337 habitandaque
2135 1254 2294 1318 fana

453 1352 518 1401 20
665 1337 860 1422 Apris
902 1338 1161 1421 reliquit
1202 1340 1268 1403 et
1308 1358 1382 1402 ra
1428 1337 1647 1402 acibus
1675 1338 1872 1422 lupis,

577 1421 700 1503 Ire,
727 1420 921 1506 pedes
943 1442 1339 1506 quocumque
1397 1425 1594 1505 erent,
1625 1442 2020 1506 quocumque
2039 1442 2155 1506 per
2183 1421 2383 1487 undas

661 1506 873 1573 Notus
916 1505 1173 1571 vocabit
1215 1508 1327 1571 aut
1367 1508 1701 1590 protervus
1744 1505 2021 1570 Africus.

578 1589 684 1657 Sic
705 1589 958 1675 placet?
997 1610 1082 1655 an
1109 1590 1338 1655 melius
1368 1591 1509 1688 quis
1537 1589 1734 1654 habet
1755 1589 2066 1665 suadere?
2093 1588 2386 1656 Secunda

662 1674 896 1739 Ratem
939 1695 1249 1759 occupare
1293 1674 1445 1758 quid
1486 1695 1809 1739 moramur
1851 1673 2043 1738 alite?

451 1771 516 1822 25
581 1758 707 1824 Sed
749 1760 1028 1823 iuremus
1070 1759 1140 1823 in
1181 1757 1371 1823 haec:
1428 1759 1619 1823 simul
1660 1759 1808 1823 imis
1852 1779 2004 1823 saxa
2044 1759 2341 1824 renarint

662 1842 861 1908 Vadis
905 1843 1115 1907 levata
1186 1863 1269 1907 ne
1312 1842 1516 1907 redire
1561 1841 1645 1906 sit
1687 1843 1867 1907 nefas

578 1928 723 1995 Neu
754 1947 1058 1992 conversa
1097 1892 1358 1991 domum
1398 1927 1620 2012 pigeat
1661 1925 1810 1991 dare
1853 1892 2082 2010 lintea,
2129 1926 2388 2011 quando

664 2010 874 2076 Padus
917 2010 1168 2077 Matina
1210 2011 1439 2076 laverit
1482 2011 1841 2093 cacumina,

579 2096 658 2160 In
700 2117 874 2161 mare
918 2117 1030 2161 seu
1074 2097 1280 2161 celsus
1323 2096 1712 2180 procurrerit
1753 2097 2190 2181 Appenninus
2205 2145 2225 2180 ,

452 2192 521 2244 30
666 2180 975 2264 Novaque
1016 2183 1307 2245 monstra
1347 2180 1627 2245 iunxerit
1667 2179 1930 2244 libidine

578 2264 781 2329 Mirus
827 2285 1035 2348 amor,
1079 2265 1255 2329 iuvet
1294 2267 1370 2328 ut
1410 2264 1610 2349 tigres
1654 2263 1980 2329 subsidere
2024 2265 2267 2351 cervis,

665 2348 1079 2413 Adulteretur
1124 2352 1189 2413 et
1230 2348 1526 2413 columba
1565 2348 1794 2432 miluo,

579 2431 857 2500 Credula
898 2453 1015 2497 nec
1059 2453 1247 2497 ravos
1289 2432 1562 2497 ffimeant
1603 2434 1889 2497 armenta
1932 2433 2151 2498 leones
2171 2483 2191 2518 ,

662 2517 980 2600 Ametque
1023 2517 1192 2581 salsa
1233 2517 1391 2581 levis
1434 2516 1647 2581 hircus
1692 2537 1767 2581 ae
1810 2537 1988 2581 uora.

452 2611 519 2664 85
584 2601 763 2666 Haec
806 2603 871 2666 et
914 2621 1074 2684 quae
1116 2603 1421 2684 poterunt
1459 2600 1699 2666 reditus
1752 2622 1790 2664 a
1835 2601 2125 2668 scindere
2171 2602 2393 2668 dulces

661 2684 901 2749 Eamus
944 2685 1154 2749 omnis
1199 2686 1519 2749 exsecrata
1562 2685 1785 2750 civitas
1796 2732 1815 2767 ‚

576 2769 712 2833 Aut
750 2789 900 2853 pars
942 2768 1206 2833 indocili
1249 2768 1479 2833 melior
1566 2790 1745 2866 rege3
1791 2767 2005 2834 mollis
2051 2772 2118 2835 et
2162 2791 2392 2856 exspes

660 2852 1026 2916 Inominata
1072 2852 1425 2936 perprimat
1468 2873 1546 2916 cu
1589 2853 1719 2917 iha.

591 2935 756 3018 Vos,
801 2936 1029 3019 quibus
1058 2937 1156 3001 est
1180 2936 1383 3001 virtus
1396 2985 1415 3020 ‚
1457 2937 1831 3000 muliebrem
1860 2937 2070 3002 tollite
2113 2939 2394 3022 luctum,

448 3029 520 3086 40
663 3018 938 3084 Etrusca
979 3023 1230 3105 praeter
1272 3023 1338 3085 et
1378 3020 1588 3085 volate
1632 3020 1835 3085 litora.

577 3101 714 3169 Nos
757 3105 974 3168 manet
1015 3102 1308 3167 Oceanus
1352 3102 1591 3167 circum
1634 3123 1840 3187 vagus
1884 3123 2038 3167 arva
2082 3103 2299 3168 beata.

663 3187 966 3251 Petamus
1009 3189 1206 3268 †arva
1249 3185 1479 3251 divites
1501 3190 1590 3256 .et
1632 3187 1906 3268 insulas,

580 3269 818 3336 Reddit
860 3270 974 3335 ubi
1018 3291 1296 3336 cererem
1337 3271 1528 3336 tellus
1570 3272 1824 3336 inarata
1866 3272 2220 3354 quotannis

664 3354 751 3420 Et
793 3356 1092 3438 inputata
1132 3355 1321 3419 floret
1362 3376 1562 3439 usque
1607 3357 1826 3435 vinea,
1987 3412 2006 3435 ‚
2051 3426 2056 3443 ¹

456 3452 522 3502 45
584 3438 917 3504 Germinat
961 3442 1027 3503 et
1067 3460 1415 3523 numquam
1457 3439 1743 3505 fallentis
1785 3441 2020 3504 termes
2064 3438 2280 3504 olivae
2295 3488 2314 3523 ‚

666 3522 980 3606 Suamque
1022 3523 1201 3606 pulla
1242 3523 1402 3588 ficus
1447 3527 1637 3589 ornat
1677 3524 1971 3589 arborem
1991 3569 2013 3606 ,

2533 89 2557 264 l

2547 525 2556 812 i
