2588 4046
215 233 311 304 11.]
999 230 1214 284 LIBER
1257 230 1327 286 11.
2019 223 2143 290 227

215 394 307 458 Te
351 392 681 457 deminum
711 393 923 457 sentit.
999 391 1132 455 Das
1166 412 1490 475 nummos,
1536 393 1669 456 acci
1716 392 1771 457 is
1800 414 2019 476 uvam,

216 479 466 559 Pullos,
513 498 661 562 ova,
708 477 933 541 cadum
977 477 1226 541 temeti:
1270 497 1502 560 nempe
1546 496 1651 539 mo
1699 497 1736 540 o
1778 477 1905 541 isto

214 561 563 627 Paullatim
605 561 906 625 mercaris
952 580 1209 645 agrum,
1255 561 1528 625 fortasse
1570 561 1872 624 trecentis

215 648 352 711 Aut
395 647 588 711 etiam
631 666 823 728 supra
863 666 1270 709 nummorum
1313 644 1571 708 milibus
1615 647 1921 728 emptum.
2052 657 2148 706 165

217 730 385 805 Quid
429 730 653 811 refert,
698 730 872 793 vivas
914 732 1249 792 numerato
1293 750 1498 811 nuper
1541 749 1627 792 an
1670 728 1870 792 olim?

217 814 491 897 Emptor
533 814 782 877 Aricini
826 814 1143 896 quondam
1189 812 1476 877 Veientis
1521 815 1586 876 et
1628 813 1763 876 arvi

218 898 528 982 Emptum
557 902 744 962 cenat
772 898 912 961 olus
922 945 941 978 ‚
986 897 1272 980 quamvis
1303 898 1488 960 aliter
1529 898 1742 979 putat3
1790 897 2020 980 emptis

221 981 349 1047 Sub
393 985 650 1046 noctem
692 981 970 1066 gelidam
1015 982 1209 1067 lignis
1256 980 1589 1045 calefactat
1630 980 1932 1064 ahenum3

221 1066 343 1131 Sed
387 1070 576 1131 vocat
603 1087 801 1163 usque
846 1087 1030 1129 suum
1041 1114 1060 1147 ‚
1105 1086 1231 1149 qua
1271 1065 1546 1161 populus
1577 1065 1782 1129 adsita
1812 1065 2001 1128 certis
2050 1077 2148 1127 170

221 1150 557 1215 Limitibus
600 1150 810 1215 vicina
851 1150 1090 1234 refugit
1132 1151 1371 1234 iurg1a3
1416 1152 1743 1232 tamquam

221 1234 317 1299 Sit
334 1235 664 1319 proprium
685 1235 1041 1318 quicquam,
1071 1237 1310 1317 puncto
1342 1233 1512 1316 quod
1539 1232 1796 1297 mobilis
1825 1232 2019 1296 horae

220 1318 409 1383 Nunc
450 1339 670 1403 prece,
725 1339 896 1383 nunc
949 1318 1190 1402 profic,
1247 1339 1420 1382 nunc
1462 1318 1553 1399 vi,
1598 1338 1771 1381 nunc
1812 1319 2019 1380 morte

221 1487 546 1584 Permutet
586 1486 880 1551 dominos
925 1488 991 1551 et
1032 1486 1214 1551 cedat
1256 1486 1327 1549 in
1369 1424 1588 1550 3133:
1590 1423 1768 1550 (inula.

221 1571 325 1636 S1c
369 1592 519 1655 qma
560 1575 904 1655 perpetuus
946 1571 1108 1634 nulli
1152 1571 1337 1634 datur
1380 1591 1559 1652 usus,
1605 1573 1671 1633 et
1710 1569 1896 1633 heres
2049 1582 2144 1631 175

221 1655 535 1720 Heredem
578 1655 837 1719 alternis
879 1655 1054 1719 velut
1096 1654 1269 1718 unda
1313 1654 1681 1737 supervenit
1721 1653 1990 1735 undam,

220 1739 388 1814 Quid
430 1739 554 1803 vici
641 1741 865 1803 rosunt
907 1743 1019 1802 aut
1059 1737 1333 1802 horrea?
1380 1736 1610 1821 quidve
1656 1735 1945 1802 Calabris

221 1823 501 1889 Saltibus
544 1845 581 1887 a
630 1823 772 1887 'ecti
815 1822 1089 1905 Lucani,
1134 1823 1190 1886 si
1231 1822 1416 1886 metit
1459 1821 1660 1887 Orcus

223 1906 508 1972 Grandia
550 1928 693 1972 cum
736 1908 981 1990 parvis,
1022 1928 1157 1970 non
1201 1905 1540 1971 exorabilis
1585 1905 1786 1969 auro?

221 1992 542 2076 Gemmas,
572 2012 868 2074 marmor,
900 1991 1072 2073 ebur,
1102 1990 1435 2074 Tyn-hena
1463 1990 1692 2087 sigilla,
1726 1990 2016 2075 tabellaS,
2050 2003 2148 2054 180

220 2079 613 2162 Argeum,
657 2079 865 2140 vestes
909 2075 1181 2139 Gaetulo
1224 2076 1465 2140 murice
1507 2078 1741 2139 tinctas

220 2160 384 2226 Sunt
426 2161 534 2244 qui
574 2180 707 2223 non
748 2159 1057 2241 habeant,
1103 2163 1203 2224 est
1245 2160 1355 2242 qui
1382 2180 1516 2223 non
1545 2161 1725 2224 curat
1764 2158 2018 2223 habere.

221 2245 351 2311 Cur
393 2245 553 2308 alter
595 2244 863 2307 fratrum
908 2264 1152 2307 cessare
1197 2246 1262 2308 et
1304 2243 1520 2308 ludere
1565 2246 1629 2307 et
1670 2244 1872 2327 ungui

219 2329 547 2393 Praeferat
586 2327 861 2391 Herodis
903 2327 1201 2411 palmetis
1245 2328 1623 2412 pinguibus,
1669 2328 1830 2391 alter

221 2412 416 2477 Dives
461 2415 526 2477 et
566 2412 635 2475 in
682 2415 946 2476 ortunus
989 2412 1070 2475 ad
1112 2412 1404 2475 umbram
1447 2411 1610 2475 lucis
1653 2412 1734 2474 ab
1779 2413 1922 2474 ortu
2052 2423 2146 2472 185

220 2497 588 2562 Silvestrem
676 2496 903 2560 ammis
946 2498 1011 2560 et
1052 2495 1220 2559 ferro
1263 2496 1520 2579 mitiget
1562 2516 1818 2579 agrum,

222 2582 356 2646 Scit
401 2580 671 2663 Genius,
715 2580 927 2644 natale
972 2599 1183 2644 comes
1227 2580 1337 2662 qui
1379 2581 1691 2663 temperat
1734 2581 2003 2662 astrum,

221 2665 504 2731 Naturae
547 2665 700 2729 deus
743 2664 1086 2747 humanae,
1132 2664 1420 2727 mortalis
1462 2663 1531 2727 in
1573 2685 1771 2726 unum

224 2750 531 2833 Quodque
575 2752 794 2832 caput,
839 2749 1015 2812 voltu
1057 2748 1409 2831 mutabilis,
1457 2748 1639 2812 albus
1684 2749 1749 2811 et
1792 2749 1945 2813 ater.

223 2833 383 2899 Vtar
427 2836 492 2898 et
534 2854 612 2897 ex
654 2832 935 2915 modico,
980 2835 1287 2916 quantum
1330 2853 1431 2896 res
1474 2833 1722 2916 poscet,
1768 2850 1995 2896 acervo
2052 2841 2150 2893 190

223 2917 472 2982 Tollam
513 2938 634 2982 nec
676 2921 985 2998 metuam,
1032 2916 1183 3013 quid
1227 2916 1305 2980 de
1349 2937 1451 2980 me
1494 2915 1731 2980 iudicet
1771 2915 1982 2996 heres,

225 3001 408 3077 Quod
449 3021 584 3065 non
625 3002 808 3086 plura
850 3001 1015 3064 datis
1058 3000 1400 3085 mvenerit3
1447 3002 1514 3065 et
1553 3003 1772 3065 tamen
1813 2999 1982 3063 idem

226 3085 400 3151 Scire
441 3086 682 3169 volam,
729 3089 1036 3169 quantum
1079 3085 1351 3167 simplex
1393 3084 1738 3168 hilarisque
1781 3083 2003 3167 nepoti

224 3169 560 3254 Discrepet
601 3172 1014 3253 ethuantum
1058 3168 1378 3234 discordet
1463 3190 1644 3234 arcus
1688 3188 1903 3233 avar0.

225 3253 441 3319 Distat
504 3254 702 3338 enim,
769 3275 1034 3339 spargas
1098 3257 1209 3319 tua
1272 3274 1390 3336 pro
1443 3254 1455 3267 ‘
1591 3302 1610 3335 ‚
1681 3275 1765 3317 an
1816 3271 2022 3335 neque

1450 3342 1774 3420 sumptum
2055 3344 2151 3397 195

229 3422 472 3488 Invitus
517 3422 710 3488 facias
752 3444 957 3506 neque
1000 3423 1186 3506 plura
1227 3435 1452 3505 parare
1495 3422 1775 3503 labores,

230 3509 324 3573 Ac
365 3507 610 3594 potius,
654 3529 809 3592 puer
852 3512 924 3573 ut
966 3507 1147 3572 festis
1192 3505 1691 3589 Quinquatribus
1735 3505 1921 3588 olim,

1747 3605 1848 3658 15·
