2588 4046
477 240 597 305 176
1208 242 1631 301 sAmARvn
2272 237 2375 312 [vr

608 407 932 473 Thesauro
977 407 1239 474 invento
1286 408 1396 491 qui
1439 406 1907 473 mercennarius
1952 426 2172 492 agrum

599 492 791 556 Illum
834 493 1045 576 ipsum
1087 495 1402 557 mercatus
1447 493 1678 575 aravit,
1726 491 1900 557 dives
1944 490 2144 556 amico

599 575 929 642 Herculel'
976 577 1059 662 si,
1091 576 1259 660 quod
1290 575 1499 662 adest,
1533 579 1789 725 gratutzn
1816 575 2021 661 iuvat3
2066 575 2184 640 hac
2211 591 2382 658 prece

1797 681 1942 725 oro:

599 745 849 830 Pingue
895 766 1088 830 pecus
1134 746 1393 810 domino
1438 745 1634 810 facias
1681 747 1745 810 et
1788 748 1996 810 cetera
2039 745 2285 829 praeter

475 843 540 892 15
595 829 963 916 Ingenium,
1008 833 1201 913 utque
1232 831 1399 895 soles
1430 832 1641 895 custos
1664 828 1824 894 mihi
1852 829 2167 894 maximus
2197 825 2381 893 adsis!

599 914 776 1012 Ergo
806 916 918 980 ubi
937 936 1040 979 me
1069 915 1140 978 in
1162 918 1413 980 montes
1437 917 1501 979 et
1521 914 1591 978 in
1613 934 1826 980 arcem
1856 934 1934 978 ex
1953 914 2109 978 urbe
2137 911 2383 994 removi,

601 998 768 1074 de
809 1000 985 1082 prius
1028 999 1364 1063 inlustrem
1408 999 1617 1064 satiris
1662 998 1970 1082 Musaque
2013 995 2328 1082 pedestri?

597 1082 662 1149 N
666 1104 736 1148 ec
765 1084 933 1147 mala
960 1104 1061 1147 me
1091 1083 1356 1148 ambitio
1448 1083 1611 1148 erdit
1636 1104 1755 1148 nec
1797 1082 2132 1167 plumbeus
2166 1081 2386 1145 Auster

596 1167 1084 1252 Autumnusque
1126 1168 1370 1253 gravis,
1469 1167 1733 1232 ibitinae
1778 1188 1859 1250 qu
1870 1173 2078 1231 aestus
2122 1168 2388 1233 acerbae.

469 1263 540 1314 20
595 1250 909 1317 Matutine
952 1254 1161 1336 pater,
1209 1273 1320 1317 seu
1362 1251 1515 1317 Iane
1560 1250 1861 1316 libentius
1905 1251 2085 1315 audis

596 1334 782 1400 Vnde
824 1335 1116 1401 homines
1161 1356 1425 1434 operum
1466 1335 1709 1420 primos
1752 1335 2042 1418 vitaeque
2085 1299 2332 1400 labores

597 1418 950 1485 Instituunt
994 1419 1112 1507 (sic
1156 1419 1252 1485 dis
1296 1419 1660 1506 placitum),
1704 1423 1777 1485 tu
1820 1419 2120 1485 carminis
2169 1421 2302 1484 esto

596 1503 1007 1603 Principium.
1094 1503 1339 1570 Romae
1383 1525 1756 1589 sponsorem
1798 1526 1903 1570 me
1944 1504 2135 1589 rapis.
2228 1502 2386 1585 ‘Eia,

595 1587 697 1654 Ne
739 1609 916 1673 prior
960 1588 1171 1654 officio
1217 1589 1552 1673 quisquam
1594 1589 2006 1687 respondeat,
2050 1592 2299 1674 urgue.’

467 1684 535 1734 25
596 1671 742 1738 Sive
785 1672 1020 1756 Aquilo
1064 1672 1232 1741 radit
1272 1676 1474 1739 terras
1518 1694 1628 1739 seu
1670 1675 1896 1739 bruma
1936 1673 2218 1738 nivalem

459 1749 478 1768 '
595 1756 906 1822 Interiore
950 1758 1117 1822 diem
1283 1778 1322 1822 o
1364 1757 1596 1842 trahit,
1639 1758 1731 1823 ire
1774 1760 2112 1823 necessest.

594 1841 972 1926 PostmodO,
1019 1862 1142 1939 quo
1217 1842 1305 1906 mi
1339 1842 1536 1925 obsit,
1583 1843 1748 1907 clare
1774 1846 2143 1926 certumque
2186 1842 2389 1908 locuto

595 1925 991 1991 Luctandum
1035 1948 1105 1990 1n
1148 1925 1336 1991 turba
1380 1929 1444 1990 et
1484 1925 1777 1991 facienda
1818 1926 2049 1992 iniuria
2091 1926 2311 1992 tardis

596 2010 785 2087 ‘Quid
806 2011 921 2096 vis,
947 2011 1188 2096 insane,
1212 2013 1277 2076 et
1299 2033 1455 2095 quas
1475 2033 1577 2077 res
1600 2011 1739 2097 agis
1749 2011 1809 2077 *Ρ
1839 2011 2150 2096 inprobus
2171 2011 2392 2097 urguet

466 2107 534 2157 80
589 2094 779 2160 Iratis
821 2095 1145 2179 precibus:
1193 2098 1285 2160 ‘tu
1336 2095 1552 2180 pulses
1596 2117 1785 2161 omne
1829 2096 1998 2180 quod
2041 2096 2286 2179 obstat,

593 2179 697 2243 Ad
739 2179 1174 2246 Maecenatem
1217 2180 1485 2245 memori
1529 2180 1583 2245 si
1635 2183 1850 2245 mente
1891 2186 2229 2246 recurras.'

591 2262 737 2327 Hoc
764 2263 940 2328 iuvat
969 2267 1033 2329 et
1060 2264 1327 2350 mellist,
1371 2286 1507 2329 non
1545 2265 1836 2330 mentiar.
1882 2265 1974 2329 At
2007 2265 2201 2329 simul
2230 2267 2388 2329 atras

591 2346 936 2413 Ventumst
976 2348 1329 2433 Esquilias,
1375 2348 1583 2414 aliena
1622 2349 1885 2435 negotia
1928 2352 2188 2415 centum
2383 2420 2388 2425 ,

591 2431 715 2496 Per
759 2435 947 2516 caput
990 2435 1054 2497 et
1086 2433 1254 2498 circa
1298 2433 1536 2498 saliunt
1578 2434 1760 2499 latus.
1825 2433 2021 2498 ‘Ante
2052 2433 2388 2498 secundam

463 2526 531 2577 85
587 2516 856 2582 Roscius
901 2517 1122 2581 orabat
1165 2517 1288 2582 sibi
1331 2517 1585 2582 adesses
1628 2518 1710 2582 ad
1752 2517 1976 2582 Puteal
2021 2538 2181 2583 craS.

591 2599 688 2665 De
732 2622 800 2665 re
846 2601 1167 2666 communi
1211 2601 1458 2667 scribae
1499 2623 1738 2688 magna
1782 2604 1969 2685 atque
2012 2622 2182 2666 nova
2226 2604 2290 2666 te

592 2684 878 2749 Orabant
919 2685 1109 2750 hodie
1152 2686 1581 2771 meminisses,
1629 2686 1891 2769 Quinte,
1936 2686 2188 2751 reverti.

590 2768 904 2866 Inprimat
944 2768 1046 2834 his
1123 2791 1271 2835 cura
1349 2770 1683 2836 Maecenas
1728 2770 1915 2856 signa
1957 2770 2260 2836 tabellis!

591 2851 843 2917 Dixeris
853 2902 872 2937 ,
919 2853 1232 2938 experiar:
1293 2854 1371 2919 ‘si
1410 2855 1535 2939 vis,
1579 2858 1816 2939 poteS,’
1863 2853 2042 2919 addit
2071 2856 2136 2919 et
2172 2854 2385 2919 instat.

461 2948 530 2998 40
589 2936 908 3021 Septimus
955 2940 1176 3002 octavo
1220 2938 1482 3022 propior
1525 2940 1653 3003 iam
1696 2939 1766 3004 fu
1815 2938 1935 3003 erit
1978 2960 2214 3023 annus,

587 3020 687 3085 Ex
731 3042 856 3105 quo
900 3021 1235 3088 Maecenas
1278 3044 1382 3087 me
1428 3024 1638 3107 coepit
1683 3022 1770 3087 ha
1816 3044 1919 3088 ere
1963 3044 2221 3088 suorum

589 3105 667 3170 In
696 3126 991 3190 numero,
1038 3106 1366 3171 dumtaxat
1395 3107 1475 3171 ad
1518 3108 1670 3192 hoc,
1716 3128 1905 3190 quem
1943 3108 2166 3173 tollere
2196 3106 2386 3171 raeda

586 3189 800 3254 Vellet
841 3190 965 3254 iter
1006 3189 1280 3274 faciens,
1328 3194 1393 3255 et
1436 3191 1537 3256 cui
1582 3192 1958 3257 concredere
1999 3212 2204 3277 nugas

585 3273 728 3338 Hoc
781 3295 1017 3359 genus:
1076 3274 1275 3339 ‘Hora
1330 3276 1629 3358 quotast?
1673 3276 1930 3426 SThrax
1984 3279 2083 3425 {st
2132 3275 2387 3340 Gallina

1794 3382 1831 3425 o
1921 3382 1989 3425 ar

459 3454 523 3504 45
582 3441 901 3507 Matutina
942 3464 1165 3542 parum
1211 3447 1430 3510 cautos
1474 3446 1599 3509 iam
1642 3382 1917 3530 frigorap
1927 3430 2219 3509 mordent
2236 3458 2276 3530 3’

585 3525 671 3590 Et
714 3547 871 3609 quae
914 3548 1153 3593 nmosa
1195 3529 1358 3595 bene
1403 3529 1805 3615 deponuntur
1849 3530 1916 3595 in
1960 3550 2124 3595 aure.
