2588 4046
175 265 325 350 vm]
907 263 1122 318 LIBER
1162 262 1287 318 1111.
1999 251 2081 317 93

1014 427 1207 502 VIII.

292 545 614 609 Donarem
658 544 910 627 pateras
953 545 1258 628 grataque
1304 541 1700 624 commodus,

295 628 676 711 Censorine,
725 627 883 691 meis
929 648 1077 691 aera
1119 626 1471 708 sodalibuS‚

292 712 616 777 Donarem
658 710 943 794 tripodas
955 759 974 794 ‚
1018 710 1304 796 praemia
1345 710 1607 774 fortium

296 796 665 878 Graiorum,
707 816 913 879 neque
953 798 1028 860 tu
1068 794 1347 879 pessima
1388 814 1721 858 munerum

296 914 549 996 Ferres,
595 912 790 977 divite
833 934 936 977 me
980 912 1224 977 scilieet
1266 912 1531 994 artium,
2048 920 2081 971 5

299 998 464 1074 Quas
509 1000 621 1061 aut
661 994 1032 1061 Parrhasius
1075 996 1345 1079 protulit
1387 998 1496 1059 aut
1539 993 1808 1079 Scopas,

297 1082 420 1147 Hie
464 1101 647 1165 sam,
692 1080 948 1164 liquidis
991 1080 1100 1145 ille
1144 1080 1461 1145 coloribus

302 1165 537 1231 Sollers
581 1186 753 1230 nuno
796 1163 1122 1229 hominem
1164 1184 1429 1248 ponere,
1473 1184 1646 1229 nuno
1689 1162 1893 1227 deum.

301 1283 421 1349 Sed
464 1303 598 1347 non
640 1282 798 1346 haee
840 1281 999 1346 mihi
1041 1282 1168 1365 vis,
1211 1303 1330 1347 nee
1373 1281 1491 1346 tibi
1534 1281 1756 1345 talium

298 1367 422 1432 Res
468 1370 567 1431 est
608 1369 718 1431 aut
759 1366 1007 1431 animus
1054 1365 1421 1430 deliciarum
1465 1386 1679 1450 egens.
2022 1376 2085 1425 ιο

301 1450 549 1516 Gaudes
593 1450 1008 1535 carminibus3
1054 1450 1336 1514 carmina
1377 1469 1713 1534 possumus

301 1535 556 1601 Donare
600 1538 665 1599 et
705 1534 981 1618 pretium
1025 1534 1234 1599 dicere
1275 1533 1575 1598 muneris.

301 1652 452 1717 Non
494 1652 697 1716 incisa
740 1651 912 1716 notis
956 1672 1272 1716 marmora
1314 1651 1618 1735 publicis,

300 1736 421 1801 Per
466 1756 625 1819 quae
667 1736 926 1820 spiritus
970 1739 1036 1800 et
1076 1736 1217 1800 vita
1252 1735 1419 1800 redit
1462 1736 1649 1801 bonis

298 1819 457 1885 Post
496 1822 769 1884 mortem
814 1819 1108 1904 ducibus,
1150 1818 1314 1968 ffon
1358 1821 1593 1885 celeres
1636 1820 1826 1905 fugae
2022 1824 2098 1881 15⁶

298 1904 718 1988 Reieotaeque
760 1907 1107 1969 retrorsum
1216 1904 1531 1969 annibalis
1575 1904 1815 1988 minae,

298 1988 452 2055 Non
494 1987 789 2054 ineendia
832 1987 1239 2074 Carthaginis
1283 1989 1497 2073 inpiae

298 2072 489 2156 Eius,
535 2073 643 2157 qui
687 2073 926 2137 domita
967 2094 1204 2137 nomen
1247 2073 1327 2137 ab
1372 2073 1593 2138 Africa

299 2157 608 2223 Lucratus
651 2157 841 2221 rediit
941 2157 1169 2222 elarius
1213 2157 1504 2222 indicant

298 2241 546 2307 Laudes
592 2262 780 2325 quam
880 2242 1130 2306 alabrae
1172 2241 1455 2306 Pierides
1498 2263 1736 2326 neque,
2020 2253 2087 2303 20

302 2359 370 2425 Si
414 2358 670 2423 chartae
714 2359 943 2437 sileant
987 2360 1156 2443 quod
1198 2360 1361 2423 bene
1405 2360 1663 2445 feceris,

302 2442 660 2508 Mercedem
703 2442 942 2508 tuleris.
1031 2442 1197 2519 Quid
1247 2444 1416 2507 foret
1451 2442 1615 2508 Iliae

302 2527 734 2610 Mavortisque
777 2548 962 2624 puer?
1009 2527 1064 2591 si
1106 2527 1508 2592 taciturnitas

305 2611 606 2676 Obstaret
646 2611 890 2675 mentis
933 2610 1149 2675 invida
1189 2611 1493 2677 Romuli?

303 2728 614 2813 Ereptum
659 2726 898 2813 Stygiis
941 2728 1235 2793 fluctibus
1279 2729 1564 2794 Aeaeum
2022 2741 2086 2792 25

303 2811 523 2877 Virtus
570 2815 635 2876 et
674 2812 856 2876 favor
899 2815 964 2876 et
1004 2812 1225 2898 lingua
1266 2814 1626 2898 potentium

303 2896 539 2962 Vatum
583 2896 884 2961 divitibus
928 2900 1257 2962 consecrat
1298 2897 1544 2962 insulis,

306 2980 614 3131 Qum
658 2979 842 3046 laude
883 2982 1089 3079 virum
1131 2981 1322 3080 Musa
1358 2985 1532 3080 vetat
1574 2983 1736 3047 mori
1749 2983 1788 3071 t]

359 3087 430 3130 ae
457 3088 495 3130 o
542 3065 735 3129 Musa
769 3065 935 3130 beat.
1021 3065 1125 3131 S1o
1167 3065 1338 3132 Iov1s
1383 3069 1650 3132 mterest

307 3182 359 3247 Ο
405 3186 556 3247 tatis
601 3206 635 3246 e
681 3183 805 3248 ulis
848 3184 916 3247 in
963 3184 1100 3269 iger
1141 3183 1449 3249 Hercules
1459 3234 1478 3266 ,
2026 3198 2092 3247 30

309 3205 564 3332 Cssmm
606 3205 887 3365 'gudari
970 3289 1004 3332 e
1049 3267 1222 3333 sidus
1267 3268 1347 3333 ab
1390 3269 1626 3334 infimis

312 3349 582 3425 Quassas
628 3355 906 3436 erlpmnt
949 3352 1325 3436 aequoribus
1369 3357 1567 3437 rates,

336 3433 609 3500 Ornatus
654 3435 842 3499 viridi
883 3438 1172 3521 tempora
1214 3436 1543 3524 pampino]

367 3517 493 3584 ‘ber
536 3521 687 3585 vota
728 3519 933 3585 bonos
978 3521 1152 3586 ducit
1195 3520 1275 3585 ad
1321 3522 1544 3588 exitus.
