2588 4046
462 2631 526 2680 10

1215 242 1611 301 CARMINVM

624 414 838 497 Atque
883 410 1032 474 dum
1121 407 1394 490 recedit,
1440 406 1528 470 ‘io
1572 402 1946 487 triumphel'

624 497 689 563 Ν
694 518 780 561 on
822 495 1019 560 semel
1109 494 1375 574 ⁶cemus,
1420 490 1505 554 ‘io
1548 488 1925 572 triumphel’

623 582 863 648 Civitas
908 579 1116 644 omnis
1160 576 1573 657 dabimusque
1617 573 1780 637 divis

708 665 879 729 Tura
920 662 1233 748 benignis,

625 783 715 848 Te
760 782 977 847 decem
1019 780 1185 845 tauri
1228 778 1623 860 totidemque
1666 795 1921 859 vaccae,

625 868 731 932 Me
772 871 957 931 tener
999 866 1204 929 solvet
1246 862 1511 945 vitulus,
1555 860 1779 924 relicta

628 952 835 1015 Matre
878 951 987 1033 qui
1028 948 1226 1034 largis
1268 945 1619 1012 iuvenescit
1660 943 1871 1008 herbis

711 1035 791 1099 In
832 1055 975 1099 mea
1016 1037 1196 1116 vota,

627 1154 863 1217 Fronte
908 1154 1199 1217 curvatos
1241 1150 1526 1214 imitatus
1569 1148 1753 1233 ignes

627 1237 910 1301 Tertium
952 1235 1169 1300 Lunae
1210 1233 1545 1300 referentis
1590 1235 1830 1315 ortum,

628 1321 766 1397 Qua
806 1324 1026 1384 notam
1071 1319 1278 1395 duxit,
1321 1318 1544 1382 niveus
1588 1316 1819 1401 videri,

711 1404 937 1471 Cetera
979 1404 1208 1468 fulvus,

1350 1659 1477 1733 III.

628 1793 830 1870 Quem
871 1795 973 1876 tu,
1017 1791 1421 1875 Melpomene
1498 1790 1694 1855 semel

711 1877 1096 1942 Nascentem
1139 1875 1389 1959 placido
1431 1839 1672 1938 lumine
1717 1873 1977 1957 videris,

627 1961 817 2026 Illum
860 1981 993 2025 non
1034 1959 1217 2025 labor
1258 1957 1564 2023 Isthmius

713 2045 996 2111 Clarabit
1036 2044 1352 2130 pugilem,
1394 2064 1530 2108 non
1572 2063 1767 2131 equus
1811 2042 2061 2127 inpiger

627 2163 832 2230 Curru
876 2163 1064 2228 ducet
1104 2161 1387 2226 Achaico

711 2247 1068 2330 Victorem,
1111 2268 1193 2311 ne
1237 2267 1318 2311 ue
1359 2266 1462 2310 res
1504 2244 1734 2309 bellica
1776 2243 1978 2309 Deliis

628 2332 940 2396 Ornatum
983 2330 1155 2395 foliis
1242 2350 1454 2412 ueem,

624 2470 627 2473 Α
713 2415 897 2491 Quod
939 2437 1163 2500 regum
1205 2413 1481 2479 tumidas
1526 2413 1888 2478 contuderit
1929 2413 2168 2497 minas,

629 2533 941 2599 Ostendet
984 2532 1335 2617 Capitoli03

716 2617 840 2683 Sed
883 2638 1042 2700 quae
1085 2616 1284 2681 Tibur
1326 2637 1525 2700 aquae
1567 2616 1777 2681 fertile
1819 2614 2206 2699 praefluunt,

626 2701 716 2766 Et
758 2701 996 2785 spissae
1038 2721 1373 2765 nemorum
1417 2721 1635 2765 eomae

710 2784 991 2871 Fingent
1030 2784 1260 2850 Aeolio
1306 2785 1585 2850 carmine
1628 2784 1929 2849 nobilem.

488 2968 497 2973 ,
627 2903 869 2967 Romae
912 2903 1219 2986 principis
1262 2903 1518 2967 urbium

464 3084 525 3132 15

455 3535 524 3585 20

711 2985 1030 3071 Dignatur
1075 2986 1328 3052 suboles
1373 2987 1540 3050 inter
1583 2985 1886 3049 amabiles

636 3069 872 3136 Vatum
915 3090 1154 3154 ponere
1197 3091 1301 3134 me
1346 3069 1606 3152 choros,

710 3153 798 3218 Et
837 3155 966 3218 iam
1010 3152 1198 3218 dente
1241 3153 1452 3218 minus
1494 3153 1790 3218 mordeor
1832 3151 2067 3218 invide.
2163 3158 2170 3165 ‘

628 3272 683 3336 Ο
726 3271 1067 3337 testudinis
1112 3293 1336 3337 aureae

711 3354 978 3420 Duleem
1022 3376 1180 3439 quae
1225 3356 1595 3440 strepitum,
1636 3355 1835 3438 Pieri,
1880 3356 2236 3439 temperas,

627 3439 682 3504 Ο
727 3441 920 3504 mutis
964 3460 1215 3523 quoque
1258 3439 1541 3524 piscibus

711 3522 1042 3588 Donatura
1085 3525 1268 3607 cycni
1278 3573 1299 3607 ‚
1344 3524 1400 3588 si
1443 3523 1667 3608 libeat,
1722 3543 1976 3604 sonum,
2087 3605 2099 3614 ·

2296 238 2392 311 [Π.
