2588 4046
197 253 306 326 π]
998 254 1215 310 uena
1255 255 1326 311 11.
1996 250 2114 316 17'2

197 416 311 480 Per
339 417 550 480 totum
578 415 702 481 hoe
730 419 981 500 tempus
1011 417 1354 482 subiectior
1382 416 1452 481 in
1480 415 1649 482 diem
1677 420 1742 482 et
1768 417 1993 483 horam

194 498 473 565 Invidiae
515 503 753 566 noster.
819 499 1032 565 Ludos
1076 503 1473 585 spectaverat
1513 522 1673 585 una,

190 583 458 648 Luserat
499 584 569 648 in
612 604 873 668 campot
939 583 1279 650 ‘Fortunae
1323 585 1491 650 filius
1504 586 1545 650 l’
1589 606 1831 651 omnes.

190 666 486 765 Frigidus
532 689 572 731 a
611 667 838 733 rostris
880 672 1103 734 manat
1144 690 1259 753 per
1303 669 1581 753 compita
1624 690 1866 735 rumor:
2051 683 2117 733 50

190 751 459 827 Quicum
503 772 582 817 ue
604 752 828 817 obvius
860 755 978 835 est,
1005 774 1112 817 me
1132 754 1438 819 consulit:
1462 759 1539 817 *ο
1563 752 1750 836 bone,
1770 775 1920 818 nam
1947 756 2013 818 te

191 833 399 919 Scire,
455 919 469 933 ·
490 856 599 900 eos
686 836 946 901 uoniam
988 836 1251 984 propius
1297 858 1422 902 eon
1453 837 1467 851 ’
1570 837 1650 920 ’s‚
1696 841 1977 921 oportet,

188 918 514 1002 Numquid
545 919 622 983 de
707 920 836 984 acis
865 920 1098 985 audlsti
1145 929 1167 958 ’
1211 920 1406 986 ‘Nile
1449 920 1516 985 ui
1562 928 1706 985 em.'
1753 920 1867 987 ‘Vt
1893 924 1966 986 tu

190 1001 453 1087 Semper
482 1003 604 1067 eris
650 1003 932 1068 derisor-⁹
1007 1005 1121 1072 ‘At
1149 1025 1371 1069 omnes
1462 1004 1475 1018 ⁶
1507 1004 1833 1089 exagitent
1859 1025 1992 1089 me,

191 1085 259 1152 Si
281 1086 665 1171 quicquam?
720 1087 953 1163 ‘Quidi’
983 1087 1297 1153 militibus
1369 1087 1641 1153 romissa
1658 1087 1992 1172 Triquetra
2052 1102 2118 1151 55

188 1169 459 1236 Praedia
502 1169 736 1236 Caesar
777 1192 861 1237 an
904 1174 1004 1236 est
1042 1171 1211 1236 Itala
1374 1193 1485 1237 ure
1532 1171 1864 1237 daturus?

192 1253 522 1319 Iurantem
560 1276 668 1320 me
707 1255 867 1320 scire
909 1254 1073 1319 nihil
1116 1256 1460 1339 mirantur,
1505 1258 1579 1321 ut
1620 1278 1819 1322 unum

191 1337 449 1404 Scilicet
490 1360 525 1404 e
605 1339 820 1424 egium
868 1337 1213 1402 mortalem
1261 1339 1507 1423 altique
1556 1341 1793 1407 silenti.

187 1422 484 1488 Perditur
707 1422 894 1488 ”inter
934 1423 1166 1488 misero
1211 1423 1324 1489 lui
1363 1444 1496 1489 non
1535 1425 1674 1490 sine
1716 1425 1914 1491 votis:

190 1506 245 1572 O
267 1527 404 1591 rus,
436 1506 689 1591 quando
712 1527 746 1571 e
792 1527 831 1572 o
863 1509 927 1571 te
960 1507 1338 1592 adspiciam,
1368 1509 1745 1606 quandoque
1774 1509 1994 1574 licebit
2054 1521 2121 1571 50

187 1590 380 1656 Nunc
407 1593 693 1656 veterum
721 1591 770 1655 h
812 1590 902 1656 ris
930 1612 1103 1656 nunc
1134 1612 1361 1657 somno
1392 1594 1458 1656 et
1484 1592 1795 1657 inert1bus
1819 1592 1992 1659 horis

189 1673 439 1740 Ducere
481 1675 790 1741 sollicitae
831 1675 1108 1740 iucunda
1150 1675 1390 1740 oblivia
1429 1675 1640 1740 vitae?

190 1758 247 1824 Ο
293 1758 551 1842 quando
594 1759 743 1825 faba
782 1758 1186 1845 Pythagorae
1229 1780 1265 1825 c
1437 1762 1511 1824 ta
1549 1760 1865 1844 simulque

189 1842 404 1908 Vncta
446 1844 601 1908 satis
642 1843 871 1928 pingui
910 1846 1231 1928 ponentur
1262 1781 1548 1909 oluscula
1588 1843 1766 1909 lardo
1780 1843 1814 1908 ⁰?

191 1926 246 1992 Ο
290 1929 516 1993 noctes
560 1948 877 2011 cenaeque
920 1928 1138 2012 deum,
1184 1928 1413 2011 quibus
1454 1928 1594 2012 ipse
1637 1928 1885 2012 meique
2054 1941 2119 1991 05

191 2012 363 2076 Ante
397 2010 626 2077 Larem
665 2011 993 2097 proprium
1036 2033 1259 2078 vescor
1299 2034 1651 2096 vernasque
1694 2033 1993 2097 procaces

190 2095 393 2162 Pasco
437 2096 652 2161 libatis
696 2096 985 2180 dapibus.
1056 2096 1252 2162 Prout
1297 2098 1521 2180 cuique
1565 2098 1830 2165 libidost
1842 2147 1861 2180 ‚

191 2180 404 2246 Siceat
443 2180 807 2264 inaequales
850 2181 1077 2246 calices
1121 2183 1391 2246 conviva
1433 2182 1674 2247 solutus

188 2264 474 2350 Legibus
513 2265 758 2330 insanis
834 2286 946 2331 seu
989 2265 1136 2349 quis
1175 2265 1349 2349 capit
1389 2266 1560 2330 acria
1598 2266 1786 2331 fortis

189 2348 431 2414 Pocula
474 2370 585 2414 seu
627 2314 893 2414 mod'icis
937 2349 1182 2414 uvescit
1221 2349 1470 2415 laetius.
1534 2348 1712 2435 Ergo
2053 2361 2118 2411 ’10

190 2432 416 2498 Sermo
460 2433 688 2517 oritur,
731 2454 865 2498 non
908 2433 986 2498 de
1027 2433 1198 2498 villis
1243 2433 1614 2499 domibusve
1657 2433 1921 2516 alienis,

188 2516 326 2583 Nec
349 2517 518 2582 male
536 2538 746 2583 necne
760 2517 970 2602 Lepos
993 2518 1211 2582 saltet·
1238 2517 1368 2601 sed,
1395 2517 1566 2601 quod
1586 2518 1797 2602 magis
1815 2517 1896 2582 ad
1915 2538 2035 2583 nos

187 2600 478 2666 Pertinet
520 2603 585 2667 et
625 2602 872 2667 nescire
913 2567 1245 2684 malumst,
1288 2601 1639 2686 agitamus,
1681 2603 1979 2666 utrumne

188 2683 451 2751 Divitiis
493 2685 785 2751 homines
829 2707 914 2750 an
957 2686 1090 2751 sint
1128 2685 1363 2750 virtute
1405 2685 1603 2750 beati·

189 2769 438 2845 Quidve
478 2769 562 2835 ad
602 2769 916 2836 amicitias
987 2791 1139 2835 usus
1180 2771 1537 2853 rectumne,
1579 2735 1794 2833 trahat
1833 2788 1981 2853 nos3
2055 2780 2119 2830 ’15

187 2852 274 2918 Et
318 2875 483 2938 quae
525 2853 612 2919 sit
651 2857 881 2920 natura
923 2818 1078 2919 boni
1119 2874 1560 2938 summumque
1604 2852 1758 2938 quid
1802 2852 1953 2917 eius.

190 2937 455 3004 Cervius
497 2937 655 3003 haec
697 2939 867 3003 inter
907 2938 1154 3003 vicinus
1196 2938 1400 3024 garrit
1441 2938 1642 3003 aniles

187 3020 286 3087 Ex
330 3044 401 3087 re
445 3022 731 3088 fabellas.
821 3022 1032 3107 Siquis
1073 3043 1224 3087 nam
1266 3022 1484 3087 laudat
1524 3021 1730 3087 Arelli

189 3104 508 3172 Sollicitas
550 3107 814 3192 ignarus
860 3127 1012 3192 opes
1025 3154 1044 3190 ,
1091 3106 1184 3172 sic
1224 3106 1453 3190 incipit
1496 3106 1675 3183 {olim

186 3188 489 3255 Rusticus
532 3191 845 3257 urbanum
886 3211 1132 3256 murem
1173 3211 1316 3256 mus
1404 3212 1635 3275 aupere
1680 3189 1887 3276 fertur
2056 3201 2121 3251 80

187 3274 534 3359 Accepisse
580 3296 765 3359 cavo,
810 3278 1087 3341 veterem
1128 3277 1310 3340 vetus
1401 3294 1586 3359 ospes
1631 3274 1937 3358 amicum,

189 3358 280 3421 As
329 3379 398 3423 er
443 3361 509 3423 et
550 3361 830 3424 attentus
876 3358 1209 3444 quaesitis,
1254 3361 1329 3422 ut
1369 3360 1584 3423 tamen
1628 3360 1837 3423 artum

189 3440 271 3508 So
300 3446 478 3508 veret
504 3441 803 3527 hospitiis
828 3443 1129 3507 animum„
1182 3442 1350 3518 Quid
1378 3442 1622 3507 multa?
1649 3462 1856 3526 neque
1885 3441 1994 3506 ille

190 3523 464 3610 Sepositi
512 3527 731 3593 ciceris
774 3542 894 3593 nec
937 3527 1168 3613 longae
1211 3525 1445 3591 invidit
1487 3546 1751 3609 avenae,

287 3627 547 3672 Eoum·-
1751 3630 1816 3680 12
