2588 4046
504 242 623 309 126
1256 244 1679 303 SA'rmARvM
2358 243 2423 319 [L

626 411 734 477 Sic
776 411 1030 477 solitus:
1088 417 1195 495 ‘po
1242 410 1386 474 ulus
1428 429 1533 474 me
1590 407 1836 491 sibilat,
1882 410 1950 473 at
1989 406 2149 472 mihi
2191 406 2422 491 plaudo

625 496 659 561 I
705 517 772 561 se
803 495 1003 578 domi,
1045 494 1168 559 sim
1265 514 1341 559 ac
1368 513 1664 558 nummos
1694 493 2091 576 contemplor
2126 492 2198 556 in
2234 495 2423 556 arca?

624 519 930 645 'ffantalus
975 599 1015 642 a
1056 578 1252 643 labris
1298 577 1517 643 sitiens
1560 576 1876 662 fugientia
1918 578 2131 661 captat

623 663 938 728 Flumina.
1026 661 1193 738 Quid
1233 660 1446 728 rides?
1501 661 1749 726 Mutato
1793 661 2054 725 nomine
2097 659 2176 724 de
2218 662 2286 723 te

526 760 595 810 ’το
621 748 866 813 Fabula
904 749 1230 811 narratur:
1276 745 1599 831 congestis
1641 744 1920 828 undique
1963 744 2163 809 saccis

625 831 943 897 Indormis
987 830 1241 895 inhians
1286 833 1353 895 et
1392 832 1716 913 tamquam
1757 849 2015 913 parcere
2059 828 2259 892 sacris

626 916 893 1001 Cogeris
936 917 1048 979 aut
1087 914 1277 999 pictis
1320 917 1643 997 tamquam
1685 913 1961 998 gaudere
2012 911 2286 977 tabellis.

624 1000 852 1067 Nescis
882 1020 1007 1083 quo
1035 998 1246 1064 valeat
1271 998 1613 1063 nummus?
1645 1018 1833 1081 quem
1860 996 2164 1081 praebeat
2190 994 2423 1060 usum?

625 1084 818 1149 Panis
864 1085 1138 1167 ematur,
1183 1083 1353 1165 olus,
1397 1082 1532 1146 vini
1574 1082 1915 1165 sextarim,
1960 1080 2148 1164 adde,

527 1181 594 1232 π
625 1168 781 1245 Quis
823 1167 1103 1233 humana
1148 1166 1270 1231 sibi
1315 1166 1529 1231 doleat
1569 1169 1797 1231 natma
1836 1165 2107 1251 negatis.

625 1254 737 1317 An
825 1253 838 1266 ⁸
894 1253 908 1266 '
1011 1273 1045 1316 e
1087 1254 1262 1315 metu
1308 1251 1691 1333 exanimem,
1735 1252 2080 1333 noctesque
2123 1248 2386 1332 diesque

625 1336 842 1402 Formi
887 1357 994 1401 are
1035 1336 1240 1400 malos
1281 1335 1482 1418 fures,
1528 1333 1852 1417 incendia,
1898 1354 2110 1398 servos

626 1421 728 1488 Ne
769 1423 834 1486 te
879 1420 1208 1504 conpilent
1248 1419 1566 1504 fugientes
1577 1467 1596 1501 ‚
1640 1417 1767 1483 hoc
1808 1416 2025 1483 iuvat?
2137 1438 2321 1481 orum

627 1505 884 1590 Semper
926 1525 1046 1589 ego
1091 1503 1366 1588 optarim
1407 1502 1844 1587 pauperrimus
1900 1522 2036 1566 esse
2087 1502 2424 1565 bonorum.

531 1602 602 1653 80
626 1591 721 1654 At
762 1590 817 1654 si
861 1587 1190 1654 condoluit
1231 1590 1616 1672 temptatum
1658 1586 1897 1672 frigore
1942 1606 2170 1669 corpus

624 1675 763 1740 Aut
803 1673 965 1738 alius
1011 1692 1192 1736 casus
1235 1672 1403 1737 lecto
1447 1675 1512 1736 te
1556 1670 1802 1755 adfixit,
1845 1669 2040 1735 habes
2084 1669 2194 1753 qui

624 1758 965 1841 Adsideat,
1008 1757 1294 1821 fomenta
1333 1758 1543 1840 paret,
1587 1753 1903 1820 medicum
1943 1756 2159 1839 roget,
2200 1755 2276 1816 ut
2316 1755 2386 1817 te

627 1842 904 1907 Suscitet
947 1861 1021 1905 ac
1062 1838 1285 1904 reddat
1326 1840 1539 1925 gnatis
1583 1838 1872 1923 carisque
1919 1836 2341 1923 propinquis?

626 1926 781 1993 Non
822 1946 981 1992 uxor
1024 1925 1268 1989 salvum
1310 1926 1375 1988 te
1417 1924 1585 2006 volt,
1629 1943 1765 1987 non
1806 1922 2007 2005 filius3
2051 1941 2274 1985 omnes

527 2022 595 2075 85
624 2009 840 2077 Vicini
882 2009 1182 2092 oderunt,
1225 2008 1393 2092 noti,
1436 2007 1618 2093 pueri
1660 2008 1850 2091 atque
1891 2006 2159 2092 puellae.

626 2095 914 2179 Miraris,
960 2115 1105 2159 cum
1146 2096 1217 2157 tu
1263 2095 1529 2178 argento
1572 2095 1724 2177 post
1766 2091 1982 2156 omnia
2021 2110 2255 2175 ponas,

628 2178 699 2244 Si
738 2199 927 2244 nemo
968 2179 1277 2262 praestet,
1323 2198 1511 2260 quem
1548 2197 1682 2241 non
1722 2175 2053 2259 merearis,
2097 2174 2426 2239 amorem?

627 2264 738 2326 An
772 2263 827 2327 si
860 2264 1201 2360 cognatos,
1243 2261 1424 2326 nullo
1466 2264 1694 2326 natura
1735 2260 1952 2325 labore

629 2346 802 2423 Quos
844 2347 964 2411 tib1
1007 2346 1148 2428 dat,
1194 2346 1467 2411 retinere
1494 2345 1652 2411 velis
1696 2363 2068 2427 servareque
2112 2343 2386 2427 amicost,

527 2443 598 2495 90
623 2430 858 2497 Infelix
901 2451 1162 2515 operam
1203 2429 1463 2514 perdas:
1506 2432 1581 2493 ut
1622 2428 1819 2512 siquis
1863 2428 2129 2493 asellum

625 2515 707 2580 In
751 2536 974 2600 campo
1019 2514 1245 2579 doceat
1283 2517 1613 2598 parentem
1657 2534 1906 2578 currere
1948 2512 2170 2577 freniS.

625 2598 918 2684 Denique
947 2598 1031 2664 sit
1058 2598 1204 2663 finis
1248 2597 1620 2682 quaerendi,
1663 2618 1931 2681 cumque
1972 2595 2210 2660 habeas
2252 2594 2431 2680 plus,

624 2683 1000 2768 Pauperiem
1041 2686 1286 2748 metuas
1331 2682 1541 2746 minus
1586 2685 1650 2746 et
1689 2681 1873 2746 finire
1916 2681 2198 2745 laborem

624 2768 903 2853 Incipias
914 2816 933 2851 ‚
976 2770 1161 2852 parto
1206 2766 1376 2851 quod
1420 2766 1678 2850 ambas,
1720 2786 1804 2830 ne
1847 2764 2041 2830 facias
2086 2764 2259 2847 quod

526 2864 593 2915 95
622 2851 981 2917 meidius
1027 2851 1314 2936 quidam3
1358 2871 1494 2915 non
1534 2851 1795 2935 longast
1833 2849 2077 2913 fabulet
2123 2848 2332 2931 diveS,

623 2935 718 3002 Vt
757 2935 1086 3001 metiretur
1127 2955 1423 3000 nummos
1436 2982 1456 3019 ,
1499 2936 1593 2999 ita
1636 2933 1956 3016 sordidus,
1999 2936 2075 2998 ut
2117 2953 2186 2996 se

624 3020 779 3087 Non
820 3041 1120 3103 umquam
1163 3040 1345 3085 servo
1387 3019 1618 3084 melius
1633 3052 1641 3059 ·
1656 3019 1945 3101 vestiret,
1989 3016 2070 3080 ad
2113 3036 2315 3100 usque

533 3175 538 3181 ‚
625 3103 1004 3188 Supremum
1045 3106 1327 3187 tempus,
1369 3124 1453 3167 ne
1496 3105 1579 3168 se‘
1606 3103 1875 3187 penuria
1915 3101 2119 3166 victus

625 3187 1028 3273 Opprimeret
1101 3187 1443 3252 metuebat.
1530 3188 1623 3251 At
1662 3186 1834 3252 hunc
1877 3185 2104 3250 liberta
2150 3184 2362 3250 securi

502 3284 598 3335 100
624 3271 862 3337 Divisit
901 3292 1003 3336 me
1055 3272 1211 3356 ’um,
1255 3271 1607 3336 fortissima
1646 3268 2168 3354 Tyndaridarum.

625 3355 816 3432 ‘Quid
837 3357 926 3421 mi
954 3356 1154 3442 igitur
1181 3354 1452 3421 suades?
1496 3354 1587 3420 Vt
1608 3355 1818 3420 vivam
1839 3353 2149 3436 MaeniuS‚
2180 3355 2297 3418 aut
2317 3352 2419 3418 sic

627 3439 714 3504 Vt
756 3439 819 3506 N
821 3440 1268 3506 omentanus‘?’
1334 3439 1558 3526 Pergis
1599 3438 1954 3525 pugnantia
1995 3430 2215 3502 se‘cum

625 3522 965 3589 Frontibus
1008 3523 1287 3591 adversis
1332 3545 1742 3610 componere:
1790 3537 1925 3588 non
1968 3542 2118 3608 ego,
2164 3542 2435 3588 avarum
