2588 4046
449 252 571 319 180
1189 254 1615 313 simiam
2236 253 2379 326 [vu

448 433 513 482 35
579 418 852 483 Audit?'
900 439 1044 484 cum
1087 438 1324 504 magno
1368 418 1645 483 blateras
1691 417 1967 481 clamore
2011 415 2339 501 fugisque.

572 502 849 567 Mulvius
894 505 960 567 et
1001 523 1282 585 scurrae,
1326 501 1446 566 tibi
1488 522 1623 566 non
1663 499 1994 565 referenda
2033 499 2313 584 precati,

572 585 944 651 Discedunt.
1033 585 1319 651 ‘Etenim
1360 585 1568 651 fateor
1606 592 1733 649 me’
1781 583 2013 649 dixerit
2049 584 2193 667 ille,

575 670 762 735 ‘Duei
805 674 1026 735 ventre
1069 670 1274 734 levem
1288 717 1308 753 ,
1350 690 1577 734 nasum
1618 668 1842 734 nidore
1885 667 2183 752 supinor‚

574 754 969 838 Imbecillus,
1012 753 1214 837 iners,
1259 753 1468 837 siquid
1509 754 1638 836 vis,
1683 752 1874 836 adde,
1916 752 2182 836 popino.

448 851 517 902 40
571 838 668 903 Tu
711 860 856 903 cum
900 838 990 903 sis
1031 836 1202 920 quod
1241 858 1362 935 ego
1412 844 1477 901 et
1523 836 1814 902 fortassis
1855 836 2155 920 nequior,
2210 835 2384 899 ultro

575 922 895 988 Insectere
936 921 1112 987 velut
1152 922 1381 986 mehor
1391 969 1411 1004 ,
1453 920 1786 1005 verbisque
1830 919 2076 985 decoris

579 1006 895 1072 Obvolvas
937 1005 1233 1070 vitium?
1309 1004 1506 1087 Quid,
1550 1004 1606 1068 si
1648 1025 1752 1069 me
1794 1003 2049 1068 stultior
2089 1003 2237 1088 ipso

579 1089 962 1175 Quingentis
1005 1093 1221 1173 empto
1266 1088 1584 1153 drachmis
1629 1087 2081 1172 deprenderis?
2180 1087 2386 1152 Aufer

577 1174 685 1239 Me
727 1174 907 1239 vultu
948 1176 1214 1258 terrere3
1259 1194 1523 1239 manum
1565 1171 2087 1255 stomachumque
2129 1173 2385 1255 teneto,

451 1270 518 1320 45
584 1257 785 1340 Dum,
830 1279 991 1341 quae
1035 1256 1319 1340 Crispini
1361 1256 1577 1321 docuit
1616 1277 1721 1321 me
1763 1256 2027 1339 ianitor,
2071 1254 2212 1320 edo.

581 1342 671 1406 Te
714 1342 947 1407 coniux
988 1341 1195 1406 aliena
1238 1341 1437 1424 capit,
1481 1340 1884 1406 meretricula
1923 1338 2211 1404 Davum:

581 1425 812 1491 Peccat
838 1429 982 1490 uter
1019 1428 1316 1490 nostrum
1343 1445 1526 1490 cruce
1557 1423 1859 1510 dignius?
1920 1424 2110 1488 Acris
2140 1422 2255 1489 ubi
2283 1445 2385 1488 me

578 1509 642 1575 N
646 1512 830 1574 utura
870 1508 1176 1593 intendit,
1221 1509 1341 1574 sub
1385 1508 1556 1574 clara
1597 1508 1768 1574 nuda
1810 1508 2069 1573 lucerna

583 1594 1027 1677 Quaecumque
1069 1594 1322 1677 exeepit
1360 1593 1678 1678 turgentis
1720 1593 1983 1658 verbera
2024 1591 2265 1657 caudae

453 1689 523 1741 ω
585 1677 895 1745 Olunibus
938 1679 1050 1743 aut
1091 1677 1361 1763 agitavit
1402 1697 1634 1761 equum
1675 1677 1915 1742 lasciva
1956 1675 2288 1759 supinum,

581 1760 868 1827 Dimittit
1034 1782 1115 1826 ue
1157 1761 1476 1826 famosum
1517 1783 1723 1845 neque
1766 1760 2142 1843 sollicitum,
2186 1780 2274 1825 ne

579 1844 794 1910 Ditior
837 1848 948 1910 aut
1019 1866 1232 1910 ormae
1273 1846 1556 1910 melioris
1599 1845 1793 1910 meiat
1834 1844 2075 1909 eodem.

581 1929 680 1993 'Pu
724 1950 868 1994 cum
910 1930 1212 2014 proiectis
1253 1929 1648 2015 insignibus,
1692 1929 1884 1994 anulo
1926 1949 1961 1993 e
2004 1927 2205 1992 uestri

579 2013 999 2098 Romanoque
1039 2012 1297 2098 habitu,
1341 2013 1558 2099 prodis
1603 2035 1681 2079 ex
1722 2013 1928 2080 iudice
2034 2034 2183 2078 ama

454 2110 521 2161 ω
585 2097 815 2182 Turpis
825 2147 846 2183 ,
890 2098 1225 2163 odoratum
1267 2101 1465 2182 caput
1500 2098 1879 2164 obscurante
1919 2097 2206 2175 lacerna:

579 2182 733 2248 Non
776 2204 843 2247 es
887 2182 1059 2266 quod
1101 2182 1407 2248 simulas?
1452 2182 1746 2248 Metuens
1787 2181 2106 2248 induceris
2152 2184 2344 2266 atque
2442 2252 2452 2259 ‚

581 2265 951 2332 Altercante
995 2266 1369 2332 libidinibus
1409 2267 1633 2332 tremis
1676 2287 1823 2332 ossa
1863 2286 2116 2350 pavore.

582 2349 750 2425 Quid
791 2351 1015 2435 refert,
1062 2352 1163 2416 uri
1204 2351 1406 2436 virgis
1447 2351 1742 2436 ferroque
1782 2350 1999 2416 necari

580 2435 968 2499 Auctoratus
1012 2455 1120 2500 eas
1131 2483 1150 2519 ,
1200 2456 1285 2500 an
1327 2435 1502 2519 turpi
1546 2436 1800 2501 clausus
1841 2435 1914 2498 in
1953 2454 2130 2518 arca,

455 2530 524 2580 σο
582 2517 722 2593 Quo
766 2520 831 2582 te
875 2518 1129 2584 demisit
1219 2519 1418 2584 eecati
1463 2520 1723 2584 conscia
1766 2519 1936 2583 erilis

581 2601 996 2669 Contractum
1037 2624 1189 2689 gem
1232 2624 1309 2669 us
1352 2606 1585 2688 tangas
1614 2602 1848 2688 caput?
1908 2567 2110 2667 Fistne
2153 2603 2384 2668 marito

580 2685 912 2751 Matronae
953 2686 1278 2771 peccantis
1323 2687 1394 2751 in
1436 2687 1624 2752 ambo
1667 2689 1838 2753 iuste
1886 2686 2216 2771 potestas?

579 2768 661 2834 In
702 2773 1138 2869 corruptorem
1177 2771 1281 2837 vel
1326 2770 1572 2837 iustior.
1644 2771 1769 2836 Illa
1808 2775 2028 2836 tamen
2071 2793 2142 2836 se

579 2853 734 2919 Non
772 2854 997 2919 habitu
1039 2858 1323 2920 mutatve
1366 2856 1510 2921 loco
1551 2859 1850 2941 peccatve
1891 2858 1935 2938 †
1957 2876 2265 2954 superne,

452 2949 531 3007 ⁰5,
585 2935 749 3002 Cum
790 2941 855 3003 te
897 2939 1198 3004 formidet
1239 2940 1468 3005 mulier
1508 2961 1715 3025 neque
1759 2939 1975 3006 credat
2015 2944 2281 3005 amanti.

579 3019 712 3085 Ibis
757 3022 874 3087 sub
917 3022 1166 3088 furcam
1205 3023 1519 3108 prudens,
1565 3024 1949 3108 dominoque
1991 3023 2234 3089 furenti

580 3103 936 3171 Conmittes
985 3128 1122 3172 rem
1165 3128 1423 3173 omnem
1466 3111 1532 3173 et
1583 3107 1782 3258 vitium
1824 3111 1891 3172 et
1930 3128 2076 3173 cum
2119 3128 2385 3193 corpore

1699 3213 1932 3257 amam.

577 3271 831 3339 Evasti:
875 3275 1062 3340 credo
1076 3324 1096 3359 ,
1139 3278 1382 3341 metues
1427 3276 1775 3361 doctusque
1818 3275 2099 3360 cavebis3

579 3356 885 3442 Quaeres,
930 3359 1183 3444 quando
1227 3361 1459 3426 iterum
1501 3382 1733 3445 paveas
1776 3361 2134 3443 iterumque
2176 3362 2384 3458 perire

451 3451 519 3503 ἰο
580 3438 830 3527 Possis,
874 3464 913 3507 o
956 3445 1208 3509 totiens
1239 3446 1484 3510 servus!
1550 3444 1726 3520 Quae
1767 3444 1983 3527 belua,
2027 3446 2236 3541 ruptis

578 3522 742 3590 Cum
785 3528 981 3593 semel
1025 3528 1277 3615 effugit,
1322 3527 1533 3594 reddit
1575 3550 1644 3595 se
1684 3550 1881 3614 prava
1924 3528 2213 3594 catems?
