2588 4046
416 241 543 308 228
1114 247 1627 304 EPISTVLARVM
2255 250 2352 322 [11.

541 409 794 495 Exiguo
837 412 1147 494 gratoque
1188 409 1420 474 fruaris
1460 413 1747 494 tempore
1789 412 2041 494 raptim.

540 493 881 576 Pauperies
903 492 1209 557 inmunda
1236 496 1455 558 tamen
1482 494 1704 576 procul
1734 495 1929 560 absit:
1974 516 2095 580 ego
2125 498 2350 559 utrum

413 590 515 641 200
542 577 721 643 Nave
764 577 933 642 ferar
973 598 1210 662 magna
1252 598 1337 641 an
1377 599 1603 661 parva,
1646 577 1816 642 ferar
1850 600 2013 644 unus
2044 582 2110 643 et
2152 579 2345 644 idem.

540 661 692 727 Non
736 662 984 746 agimur
1023 660 1285 725 tumidis
1328 662 1487 725 velis
1529 662 1850 745 Aquilone
1894 663 2207 728 secundo:

539 745 692 811 Non
733 748 949 810 tamen
991 744 1269 809 adversis
1314 748 1587 810 aetatem
1630 745 1918 810 ducimus
1961 747 2219 811 Austris
2232 796 2251 829 ,

539 828 829 926 Viribus,
875 829 1167 926 ingeniO,
1213 829 1454 913 specie,
1499 830 1762 913 virtute,
1808 830 1982 927 loco²
2026 852 2097 895 re

435 952 436 955 =
538 913 826 978 Extremi
867 935 1248 997 primorum,
1298 914 1595 977 extremis
1638 935 1837 997 usque
1878 934 2145 998 priores.

409 1009 511 1060 205
540 997 691 1063 Non
714 1019 782 1062 es
812 1019 1068 1062 avarus:
1114 997 1239 1061 abi.
1309 996 1517 1072 Quid?
1583 996 1808 1062 Cetera
1835 998 1964 1061 iam
1993 998 2186 1063 simul
2215 999 2347 1064 isto

540 1080 704 1146 Cum
744 1082 901 1147 vitio
945 1081 1211 1166 fugere?
1273 1078 1467 1145 Caret
1508 1080 1628 1145 tibi
1718 1084 1894 1146 ectus
1936 1082 2116 1145 inani

536 1165 950 1231 Ambitione?
996 1166 1168 1230 caret
1209 1165 1435 1229 mertis
1478 1165 1669 1229 sormi
1718 1165 1732 1178 '
1784 1186 1818 1229 e
1863 1167 1929 1229 et
1969 1165 2109 1229 ira?

538 1248 829 1332 Somnia,
872 1254 1146 1314 terrores
1157 1298 1176 1332 ,
1220 1250 1542 1334 magicos,
1586 1249 1919 1332 miracula,
1966 1271 2188 1334 sagaS,

535 1331 599 1397 N
601 1336 900 1398 octurnos
944 1334 1214 1399 lemures
1256 1334 1691 1417 portentaque
1720 1332 2026 1397 Thessala
2067 1334 2290 1400 rides‘?

409 1430 511 1480 210
537 1416 801 1482 Natales
844 1420 1027 1502 grate
1068 1417 1412 1481 numeras?
1457 1417 1739 1501 ignoscis
1783 1417 2051 1481 amicis?

535 1500 769 1566 Lenior
812 1504 877 1565 et
917 1501 1145 1565 melior
1185 1501 1261 1564 fis
1307 1499 1645 1565 accedente
1688 1501 1988 1565 senecta?

536 1584 703 1660 Quid
744 1588 809 1649 te
853 1587 1146 1669 exempta
1185 1585 1358 1653 levat
1399 1606 1429 1648 s
1476 1585 1600 1648 inis
1643 1584 1722 1648 de
1763 1585 2053 1667 pluribus
2096 1586 2279 1650 una‘?

534 1667 765 1734 Vivere
810 1669 865 1732 si
905 1673 1077 1734 recte
1118 1668 1328 1733 nescis
1339 1717 1358 1751 ,
1456 1667 1643 1733 ecede
1684 1668 1926 1751 peritis,

533 1752 774 1818 Lusisti
818 1753 1001 1836 satis,
1048 1751 1237 1816 edisti
1279 1751 1434 1816 satis
1478 1753 1667 1835 atque
1710 1751 1958 1816 bibisti:

408 1849 507 1899 215
538 1836 814 1920 Tempus
858 1837 1033 1902 abire
1073 1835 1284 1918 tibist,
1328 1857 1411 1900 ne
1501 1839 1679 1899 otum
1722 1835 1959 1920 largius
2003 1857 2209 1920 aequo

531 1920 764 1986 Rideat
808 1924 871 1986 et
910 1921 1123 2005 pulset
1163 1919 1401 1984 lasciva
1488 1919 1772 1984 ecentius
1815 1921 2008 1984 aetas.

1300 2208 1428 2283 111.

764 2340 906 2429 [DE
949 2339 1181 2405 ARTE
1225 2337 1604 2404 POETICA
1645 2337 1956 2437 LIBER]

531 2425 831 2491 Humano
876 2424 1068 2508 capiti
1113 2423 1422 2489 cervicem
1464 2422 1675 2507 pictor
1718 2444 2014 2507 equinam

530 2510 607 2575 Iu
701 2531 803 2575 ere
848 2510 903 2574 si
943 2508 1099 2573 velit
1142 2511 1205 2571 et
1245 2507 1454 2571 varias
1497 2506 1796 2571 inducere
1838 2509 2088 2591 plumas

531 2593 640 2658 Vn
688 2594 827 2677 ‘que
872 2591 1121 2658 collatis
1163 2590 1495 2674 membris,
1539 2593 1613 2654 ut
1653 2591 1923 2675 turpiter
1965 2594 2176 2656 atrum

532 2677 801 2742 Desinat
842 2677 911 2741 in
952 2675 1194 2759 piscem
1235 2674 1465 2738 mulier
1507 2673 1785 2739 formosa
1827 2696 2129 2759 superne:

466 2774 498 2823 5
531 2760 898 2844 Spectatum
939 2759 1201 2824 admissi
1240 2758 1441 2823 risum
1482 2759 1787 2842 teneatis,
1840 2759 2074 2824 amici?

533 2844 816 2927 Credite,
858 2843 1155 2927 Pisones,
1195 2841 1309 2907 visti
1352 2842 1604 2907 tabulae
1648 2842 1788 2908 fore
1830 2843 2066 2908 librum

530 2928 957 3011 Persimilem,
1004 2928 1209 3011 cuiuS,
1254 2928 1432 2991 velut
1475 2927 1651 3011 aegri
1693 2927 1970 3010 somnia,
2015 2948 2218 2992 vanae

531 3012 886 3097 Fingentur
930 3012 1199 3095 specieS,
1244 3013 1320 3074 ut
1359 3030 1479 3074 nec
1520 3032 1634 3094 pes
1675 3031 1796 3075 nec
1841 3013 2032 3095 caput
2073 3013 2189 3076 uni

530 3096 857 3160 Reddatur
899 3096 1157 3159 formae.
1243 3093 1604 3159 Pictoribus
1644 3096 1837 3177 atque
1880 3095 2089 3179 poetis

437 3192 502 3241 ιο
536 3179 860 3256 Quidlibet
902 3178 1174 3244 audendi
1218 3200 1466 3261 semper
1507 3178 1631 3242 fuit
1672 3200 1874 3262 aequa
1915 3182 2219 3263 potestas.

533 3263 809 3347 Scimus,
878 3267 944 3328 et
994 3263 1162 3328 hanc
1213 3263 1465 3326 veniam
1526 3263 1924 3361 petimusque
1979 3263 2335 3348 damusque

1617 3367 1916 3411 vicissim·

535 3430 659 3495 Sed
701 3452 834 3496 non
875 3434 949 3495 ut
988 3429 1253 3514 placidis
1298 3432 1523 3494 coeant
1564 3430 1840 3513 inmitia,
1882 3396 2017 3494 1'1011
2059 3433 2133 3495 ut

534 3514 871 3599 Serpentes
918 3515 1137 3580 avibus
1182 3514 1614 3599 geminentur,
1657 3515 1930 3599 tigribus
1973 3515 2142 3601 agni.
