2588 4046
469 238 598 303 210
1170 241 1683 298 nms'rvnAnvM
2176 242 2406 315 [xvm.

592 405 757 489 Aut,
803 404 859 468 si
899 424 1035 469 non
1078 404 1242 488 odit,
1286 404 1456 489 regit
1498 424 1571 469 ac
1614 403 1810 468 veluti
1853 404 1962 487 pia
2002 406 2206 469 mater

592 490 747 554 Plus
791 509 982 572 quam
1025 509 1092 553 se
1136 508 1358 572 sapere
1400 490 1466 552 et
1505 487 1844 553 virtutibus
1889 508 2026 552 esse
2076 487 2358 571 priorem

589 572 749 639 Volt
792 576 857 638 et
898 573 989 637 ait
1027 592 1229 656 prope
1270 592 1449 637 vera:
1494 576 1693 636 ‘meae
1738 570 2150 657 (contendere
2190 573 2358 659 noli)

593 656 943 723 Stultitiam
984 655 1316 740 patiuntur
1359 676 1541 740 opes3
1585 655 1707 720 tibi
1749 656 2012 738 parvola
2052 677 2153 720 res
2199 659 2327 721 est:

465 753 534 803 30
597 741 760 805 Arta
802 740 984 806 decet
1032 760 1256 804 sanum
1302 740 1601 804 comitem
1643 742 1825 824 toga3
1885 738 2102 804 desine
2144 760 2402 804 mecum

594 823 899 891 certare?
971 823 1386 907 Eutrapelus,
1433 824 1805 907 cuicumque
1846 843 2076 888 nocere
2118 824 2399 909 volebat,

591 907 991 974 Vestimenta
1032 908 1226 973 dabat
1267 908 1576 991 pretiosa:
1621 907 1842 972 beatus
1887 907 2058 971 enim
2100 907 2232 971 iam

594 990 759 1058 Cum
800 991 1081 1089 pulchris
1123 991 1361 1056 tunicis
1391 993 1599 1056 sumet
1630 1011 1798 1056 nova
1826 991 2093 1055 consilia
2122 995 2188 1056 et
2228 1013 2398 1077 spes,

593 1075 887 1141 Dormiet
927 1075 999 1139 in
1039 1075 1276 1159 lucem,
1322 1078 1533 1140 scorto
1576 1077 1926 1160 postponet
1966 1075 2312 1141 honestum

466 1171 533 1221 85
601 1159 930 1243 Officium,
972 1180 1268 1224 nummos
1312 1159 1556 1224 alienos
1598 1160 1845 1242 pascet,
1891 1158 1970 1223 ad
2012 1159 2215 1223 imum

592 1243 806 1308 Thrax
849 1243 970 1308 erit
1012 1246 1125 1308 aut
1167 1242 1417 1308 olitoris
1459 1245 1610 1327 aget
1650 1242 1940 1307 mercede
1983 1243 2322 1308 caballum.

590 1327 917 1391 Arcanum
958 1347 1164 1410 neque
1205 1329 1278 1391 tu
1322 1326 1699 1392 scrutaberis
1742 1325 1915 1390 illius
1956 1347 2291 1413 umquam,

594 1408 1125 1493 Oonmissumque
1166 1412 1347 1496 teges
1391 1412 1456 1475 et
1496 1410 1646 1476 vino
1690 1412 1898 1474 tortus
1942 1412 2007 1474 et
2046 1409 2164 1479 ira.

590 1493 729 1560 Nec
771 1496 884 1559 tua
925 1494 1216 1559 laudabis
1259 1493 1470 1559 studia
1511 1496 1622 1559 aut
1661 1493 1870 1558 aliena
1908 1495 2283 1579 reprendes,

463 1590 532 1640 40
593 1578 762 1662 Nec,
809 1599 952 1643 cum
993 1579 1210 1643 venari
1253 1578 1428 1643 volet
1468 1578 1607 1661 ille,
1651 1580 1947 1661 poemata
1985 1597 2253 1675 panges.

591 1661 812 1727 Gratia
849 1662 941 1727 sic
983 1662 1252 1726 fiala-um
1293 1661 1727 1747 geminorum,
1770 1660 2157 1746 Amphionis
2200 1666 2394 1747 atque

590 1745 804 1828 Zethi,
850 1745 1158 1830 dissiluit,
1203 1746 1408 1810 donec
1451 1748 1746 1830 suspecta
1788 1765 2005 1811 severo

590 1827 916 1895 Conticuit
955 1829 1113 1913 lyra.
1199 1829 1525 1894 Fraternis
1569 1829 1833 1894 cessisse
1875 1831 2136 1913 putatur

588 1913 875 1978 Moribus
915 1912 1274 1997 Amphion:
1319 1916 1392 1978 tu
1435 1914 1586 1979 cede
1627 1913 1910 1997 potentis
1953 1914 2143 1979 amici

459 1998 527 2060 215
589 1996 869 2063 Lenibus
911 1996 1228 2083 imperiis,
1272 1997 1690 2082 quotiensque
1733 1996 1958 2063 educet
1998 1997 2071 2063 in
2112 2019 2305 2084 agros

585 2081 832 2147 Aeoliis
877 2084 1140 2147 onerata
1179 2082 1390 2167 plagis
1432 2082 1717 2147 iumenta
1759 2102 1945 2147 canes
1991 2103 2071 2147 ue
2081 2131 2101 2166 ‚

588 2164 791 2251 Surge
835 2170 900 2231 et
939 2166 1325 2231 inhumanae
1367 2167 1613 2231 senium
1665 2165 1910 2249 depone
2009 2188 2302 2252 amenas,

587 2247 792 2315 Oenes
833 2252 908 2314 ut
945 2251 1185 2334 pariter
1223 2250 1556 2335 pulmenta
1594 2249 1916 2315 laboribus
1959 2254 2205 2334 emptat

584 2332 891 2398 Romanis
935 2335 1243 2399 sollemne
1284 2333 1438 2399 viris
1484 2355 1673 2417 opus,
1723 2334 1880 2398 utile
1921 2334 2132 2399 famae

457 2430 527 2479 ⁶0
586 2415 898 2501 Vitaeque
942 2421 1008 2483 et
1047 2418 1381 2501 membris,
1426 2418 1799 2502 praesertim
1833 2439 1977 2483 cum
2020 2419 2233 2484 valeas
2274 2423 2348 2485 et

584 2499 706 2565 Vel
749 2522 938 2566 cursu
980 2523 1276 2585 superare
1320 2522 1543 2567 canem
1584 2502 1687 2566 vel
1726 2500 1965 2566 viribus
2008 2522 2236 2586 aprum

583 2583 821 2650 Possis.
906 2585 1092 2650 Adde
1133 2585 1344 2650 virilia
1385 2585 1555 2669 quod
1598 2584 1944 2669 speciosius
1986 2606 2163 2650 arma

580 2667 735 2733 Non
777 2671 877 2733 est
918 2669 1028 2752 qui
1068 2672 1329 2734 tractet:
1376 2670 1529 2753 scis,
1575 2690 1698 2753 quo
1744 2669 2020 2735 clamore
2065 2689 2346 2737 coronae

578 2750 833 2818 Proelia
875 2753 1188 2818 sustineas
1232 2754 1638 2838 campestria3
1684 2752 1955 2836 denique
1999 2773 2254 2819 saevam

453 2846 522 2899 55
585 2833 884 2905 Militiam
925 2858 1084 2921 puer
1126 2839 1192 2902 et
1234 2836 1609 2903 Cantabrica
1650 2836 1819 2901 bella
1858 2836 2064 2902 tulisti

583 2918 713 2985 Sub
757 2920 915 2987 duce
927 2968 947 3005 ‚
992 2921 1102 3004 qui
1142 2921 1399 3004 templis
1442 2921 1823 2986 Parthorum
1868 2921 2053 3005 signa
2094 2921 2315 3008 refigit

578 3002 770 3069 Nunc
813 3007 905 3088 et,
948 3004 1158 3089 siquid
1202 3005 1411 3089 abest,
1456 3004 1636 3069 Italis
1681 3004 1998 3069 adiudicat
2040 3006 2251 3071 armis.

579 3088 680 3151 Ac
749 3109 833 3152 ne
874 3090 938 3152 te
979 3088 1267 3154 retrahas
1312 3091 1378 3152 et
1419 3087 1867 3154 inexcusabilis
1910 3088 2112 3172 absis,

582 3169 881 3246 Quamvis
924 3173 1021 3236 nil
1064 3176 1242 3237 extra
1279 3194 1615 3237 numerum
1655 3172 1882 3238 fecisse
1923 3172 2313 3257 modumque

452 3268 522 3317 60
584 3254 783 3320 Ouras
792 3305 812 3339 ,
856 3255 1173 3322 interdum
1214 3257 1476 3341 nugaris
1514 3278 1659 3322 rure
1703 3259 2000 3340 patemo:

578 3338 859 3403 Partitur
901 3340 1123 3405 lintres
1168 3341 1509 3425 exercitus,
1551 3340 1743 3406 Actia
1782 3362 2002 3426 pugna

578 3422 671 3487 Te
714 3422 870 3488 duce
911 3445 1027 3507 per
1066 3444 1298 3509 pueros
1340 3424 1562 3490 hostili
1602 3446 1779 3490 more
1820 3425 2120 3509 refertur,

576 3505 994 3573 Adversarius
1039 3512 1138 3574 est
1177 3508 1375 3573 frater
1386 3557 1405 3595 ,
1448 3511 1625 3575 lacus
1666 3508 1935 3596 Hadria,
1982 3509 2187 3581 donea
