2588 4046
150 282 372 356 mm]
904 284 1119 340 LmER.
1159 283 1257 342 111.
1973 279 2053 344 75

148 445 281 510 Pars
322 445 569 511 inclusa
611 447 927 512 caloribus

215 529 431 594 Mundi
473 551 595 595 nec
637 531 868 596 boreae
911 532 1253 596 finitimum
1298 533 1465 597 latus

150 613 526 698 Durataeque
569 615 708 680 solo
750 616 931 680 nives

215 697 626 764 Mercatorem
667 699 966 785 abigunt,
1010 700 1269 765 horrida
1315 700 1530 766 callidi
1985 713 2052 761 40

151 814 407 882 Vincunt
450 837 727 901 aequora
769 817 1052 901 navitae,

217 899 518 999 Magnum
560 902 895 985 pauperies
938 901 1353 986 opprobrium
1403 902 1579 967 iubet

153 982 385 1059 Quidvis
419 989 486 1050 et
528 985 735 1050 facere
781 988 845 1051 et
932 986 1049 1069 ati,

218 1068 606 1154 Vir-tutisque
649 1070 819 1135 viam
906 1070 1096 1135 escrit
1137 1070 1389 1136 arduae.

151 1184 251 1250 Vel
287 1207 406 1251 nos
450 1187 522 1250 in
565 1185 983 1272 Capitolium,
1987 1201 2050 1249 45

218 1269 346 1346 Quo
390 1271 633 1336 clamor
674 1274 858 1337 vocat
901 1275 965 1337 et
1004 1272 1192 1336 turba
1233 1272 1583 1338 faventium
1596 1322 1615 1357 ,

150 1352 250 1418 Vel
287 1375 407 1419 nos
451 1355 523 1418 in
563 1376 737 1420 mare
774 1356 1140 1453 proximum

219 1437 510 1504 Gemmas
555 1442 621 1505 et
659 1438 902 1524 lapldes
946 1461 1170 1504 aurum
1214 1442 1278 1505 et
1321 1441 1575 1525 inutile,
1670 1489 1679 1499 .

149 1553 369 1620 Summi
411 1556 744 1622 materiem
785 1558 969 1642 mali,

216 1639 542 1705 Mittamus
555 1688 575 1724 ,
619 1641 929 1706 scelerum
973 1642 1027 1707 si
1070 1642 1232 1707 bene
1277 1644 1584 1726 paenitet.
1988 1655 2054 1704 50

148 1721 467 1789 Eradenda
510 1724 826 1808 cupidinis

216 1808 396 1873 Pravi
441 1812 594 1874 sunt
635 1809 948 1874 elementa
990 1813 1055 1874 et
1097 1813 1354 1875 tenerae
1397 1810 1588 1875 nimis

146 1923 374 1991 Mentes
418 1947 488 1990 as
536 1926 842 1991 erioribus

218 2006 491 2075 Forman
536 2031 610 2076 ae
653 2010 899 2076 studiis.
987 2011 1212 2077 Nescit
1254 2034 1416 2096 equo
1461 2010 1634 2076 rudis

150 2087 404 2159 Haerere
448 2096 766 2180 ingenuus
808 2117 966 2180 puer
1987 2106 2051 2154 55

219 2176 572 2263 Venarique
613 2180 830 2264 timet,
873 2179 1088 2244 ludere
1134 2180 1407 2265 doctior,

159 2292 262 2359 Seu
301 2296 542 2362 Graeco
585 2296 804 2361 iubeas
846 2297 1072 2363 trocho
1087 2347 1105 2382 ‚

227 2377 341 2444 Seu
379 2380 564 2445 malis
607 2381 802 2446 vetita
843 2381 903 2445 Ie
955 2381 1090 2447 'bus
1134 2383 1300 2467 alea,

162 2459 300 2527 Cum
338 2465 587 2548 periura
627 2465 828 2548 patris
871 2465 917 2528 fi
960 2487 1027 2531 es

231 2545 594 2614 Oonsortem
638 2549 880 2614 socium
922 2550 1109 2614 fallat
1151 2553 1215 2615 et
1259 2550 1612 2636 hospitem,
1988 2563 2055 2611 60

160 2660 530 2765 Indignoque
572 2667 908 2751 pecuniam

228 2746 448 2815 Heredi
531 2754 808 2849 roperet.
898 2751 1155 2818 Scilicet
1196 2753 1504 2836 inprobae

164 2827 441 2898 Crescunt
483 2774 769 2921 {vitiam
813 2838 1029 2900 tamen
1527 2923 1539 2930 ᾗ

231 2914 444 2983 Curtae
485 2919 702 2984 nescio
747 2919 897 3004 quid
942 2941 1190 3004 semper
1229 2919 1410 2984 abest
1450 2941 1561 2985 rei.

971 3173 1192 3252 XXV.

171 3296 287 3372 Quo
324 3325 447 3390 me,
490 3305 773 3392 Bacche,
814 3308 987 3390 rapis
1031 3308 1127 3371 tui

238 3384 523 3454 Plenum?
569 3389 746 3467 Quae
772 3412 1036 3456 nemora
1065 3394 1176 3456 aut
1204 3412 1365 3476 quos
1389 3413 1547 3478 agor
1576 3393 1644 3457 in
1670 3413 1924 3476 specuS,

173 3460 346 3534 Velox
383 3478 589 3539 mente
631 3476 842 3539 nova?
904 3475 1148 3552 Quibus
1245 3485 1251 3493 '

242 3552 441 3621 Antris
482 3560 727 3644 egregii
770 3558 1056 3625 Caesaris
1101 3560 1321 3624 audiar
