2588 4046
413 246 491 310 10
1167 250 1565 305 cARmNVM
1779 324 1782 327 ‚
2244 252 2348 322 [Χ.

536 414 706 490 Quin
751 417 813 479 et
856 410 1115 500 Atridas
1160 413 1318 477 duce
1360 416 1424 476 te
1470 414 1774 497 superbos

534 498 654 563 Ilio
702 498 875 562 dives
919 497 1210 561 Pnamus
1252 498 1475 562 relicto

413 597 474 644 15
537 582 1000 665 Thessalosque
1042 583 1226 665 ignes
1271 584 1336 646 et
1378 582 1596 664 iniqua
1639 581 1866 646 Troiae

642 666 864 732 Castra
910 666 1156 730 fefellit.

534 802 632 865 Tu
674 802 813 884 pias
857 801 1041 864 laetis
1086 801 1332 864 animas
1375 801 1632 884 reponis

537 885 834 967 Sedibus,
879 887 1184 970 virgaque
1228 886 1433 949 levem
1477 884 1775 950 coherces

534 971 749 1033 Aurea
792 969 1074 1052 turbam,
1122 969 1367 1053 superis
1412 968 1674 1033 deorum

408 1068 475 1118 20
646 1053 880 1118 Gratus
927 1057 1005 1146 et‘
1031 1054 1196 1117 imis.

1215 1208 1519 1218 ————

1300 1325 1424 1400 XI.

533 1460 631 1524 Tu
653 1480 736 1523 ne
766 1457 1129 1542 quaesieriS‚
1154 1458 1316 1522 scire
1346 1456 1547 1539 nesae,
1579 1478 1767 1541 quem
1788 1457 1963 1542 mihi,
1996 1480 2182 1541 quem
2209 1458 2342 1528 tfbi

532 1543 758 1607 Finem
802 1542 866 1606 di
912 1541 1228 1625 dederint,
1271 1541 1638 1625 Leuconoe,
1683 1563 1803 1606 nec
1845 1541 2236 1626 Babylonios

532 1627 890 1711 Temptaris
919 1647 1235 1690 numeros,
1276 1624 1370 1689 Vt
1395 1625 1641 1708 meliuS‚
1673 1626 1980 1722 quidquid
2008 1628 2144 1709 erit,
2173 1628 2336 1711 pafi,

534 1712 659 1777 Seu
701 1711 915 1795 plures
968 1709 1211 1774 hiemes
1258 1731 1371 1773 seu
1412 1710 1637 1773 tribuit
1677 1709 1966 1794 Iupp1ter
2006 1710 2338 1796 ultimam,

403 1860 438 1910 5
536 1847 711 1921 Quae
754 1866 926 1909 nunc
971 1844 1281 1928 oppositis
1328 1843 1618 1907 debilitat
1660 1844 2016 1928 pumicibus
2059 1867 2232 1909 mare

511 1929 961 2013 Tyrrhenum:
1009 1929 1248 2012 sapias,
1292 1928 1445 1992 vina
1487 1929 1721 2011 lique8‚
1768 1932 1834 1992 et
1876 1929 2081 2013 spatio
2124 1928 2308 1994 brevi

531 2013 724 2098 Spem
740 2014 1001 2099 longam
1023 2035 1287 2079 reseces.
1312 2010 1485 2076 Dum
1506 2013 1841 2098 loquimur,
1865 2013 2103 2098 fugerit
2113 2012 2341 2080 invida

529 2101 759 2164 Aetas:
790 2120 978 2182 carpe
1003 2097 1188 2180 diem,
1215 2119 1406 2180 quam
1427 2098 1762 2162 minimum
1781 2099 2034 2163 credula
2049 2101 2336 2182 postero.

1274 2369 1433 2444 XII.

530 2504 732 2578 Quem
775 2502 980 2566 virum
1024 2503 1137 2565 aut
1175 2500 1374 2565 heroa
1416 2502 1556 2583 lyra
1595 2503 1698 2567 vel
1741 2504 1871 2567 acri

531 2587 714 2651 Tibia
757 2587 954 2650 sumis
999 2585 1348 2669 celebrare,
1396 2585 1581 2651 Clio?

531 2671 733 2746 Quem
777 2669 1010 2734 deum?
1098 2669 1294 2735 Cuius
1338 2670 1581 2734 recinet
1620 2671 1837 2736 iocosa

611 2754 869 2821 Nomen
909 2755 1123 2838 imago

400 2903 435 2955 5
519 2892 654 2954 Aut
693 2889 764 2953 in
805 2888 1122 2952 umbrosis
1165 2887 1496 2953 Heliconis
1543 2889 1704 2970 oris,

528 2975 664 3037 Aut
705 2994 895 3056 super
936 2971 1141 3037 Pindo
1185 2973 1478 3057 gelidove
1521 2973 1590 3035 in
1632 2972 1925 3036 Haemo?

526 3057 713 3122 Unde
754 3057 1040 3121 vocalem
1083 3059 1320 3121 temere
1362 3058 1686 3121 insecutae
1730 3069 1733 3070 ’

613 3140 870 3224 Orphea
913 3140 1124 3223 silvae,

521 3275 710 3422 &Arte
753 3278 1042 3339 maberna
1082 3275 1339 3359 rapidos
1383 3277 1738 3339 morantem

402 3373 468 3422 ιο
575 3360 887 3422 luminum
930 3359 1146 3442 lapsus
1192 3360 1550 3442 celeresque
1592 3362 1848 3442 ventos,

524 3442 844 3507 Blandum
889 3446 954 3507 et
996 3442 1234 3507 auritas
1276 3443 1508 3507 fidibus
1554 3444 1803 3507 canoris

608 3527 853 3592 Ducere
893 3525 1206 3612 quercus]
