2588 4046
235 284 350 359 ιιι]
1007 283 1222 339 mssa
1263 283 1337 342 11.
2035 276 2151 344 167

231 447 349 512 Hic
395 445 583 511 simul
626 444 872 530 accepit
909 446 1257 543 patrimoni
1300 446 1474 510 mille
1516 447 1792 532 talenta,

229 531 469 615 Edicit,
512 531 790 614 piscator
830 532 957 613 uti,
1001 530 1353 628 pomarius,
1401 551 1661 615 auceps,

229 613 702 699 Vnguentarius
746 634 819 678 ac
863 613 1054 678 Tusci
1098 615 1284 680 turba
1328 615 1507 698 mpia
1548 616 1703 698 vici,

229 698 388 764 Cum
413 699 646 764 scurris
689 699 891 762 fartor
901 746 920 781 ,
967 719 1111 763 cum
1138 696 1416 764 Velabro
1459 719 1646 763 omne
1689 698 2025 764 macellum

226 781 412 847 Mane
444 782 703 847 domum
731 782 1008 847 veniant.
1063 781 1186 858 Qui
1209 803 1353 847 cum
1380 804 1611 848 venere
1638 783 2019 867 frequentes,
2050 796 2152 846 230

225 865 438 931 Verba
460 867 617 932 facit
635 866 811 931 leno:
844 865 1033 942 ‘Quid
1078 866 1187 930 uid
1208 865 1386 951 mihi,
1410 867 1561 951 quid
1606 867 1715 931 uid
1736 871 1801 931 et
1819 867 2048 932 horum

227 948 468 1034 Cuique
514 950 776 1034 domist,
820 950 888 1014 id
935 971 1039 1015 cre
1084 972 1118 1015 e
1160 953 1343 1015 tuum
1386 953 1452 1016 et
1492 972 1568 1099 vle
1634 972 1806 1016 nunc
1846 952 1993 1035 pete

1440 1056 1518 1099 ve
1587 1044 1770 1100 cras!

223 1119 461 1204 Accipe
508 1119 660 1203 quid
704 1121 925 1184 contra
966 1119 1211 1184 iuvenis
1255 1118 1658 1203 responderit
1698 1140 1953 1202 aequus.

224 1202 323 1267 ‘In
364 1204 517 1268 nive
559 1203 817 1268 Lucana
861 1203 1099 1268 dormis
1144 1207 1465 1287 ocreatus,
1510 1206 1583 1268 ut
1623 1224 1849 1287 aprum

224 1286 463 1354 Cenem
510 1308 659 1373 eg03
701 1290 775 1351 tu
817 1287 1023 1371 pisces
1067 1287 1335 1352 hiberno
1365 1307 1442 1352 ex
1481 1307 1754 1386 aequore
1796 1288 2013 1353 verris.
2049 1300 2152 1351 235

224 1370 450 1457 Segnis
474 1392 509 1436 e
608 1420 627 1455 ,
656 1370 959 1456 indignus
989 1371 1097 1455 qui
1125 1375 1377 1436 tantum
1406 1372 1796 1456 possideam:
1826 1371 2023 1442 aufer.

222 1455 411 1521 Sume
454 1393 578 1519 figi
611 1455 838 1520 decies.
913 1455 1059 1519 Tibi
1099 1456 1496 1522 tantundem.
1570 1455 1717 1520 Tibi
1759 1455 2023 1540 triplex,

221 1539 405 1605 Vnde
447 1560 612 1604 uxor
652 1540 861 1605 media
904 1540 1102 1605 currit
1143 1540 1221 1605 de
1262 1543 1453 1605 nocte
1496 1544 1763 1605 vocata.2

221 1623 419 1689 Filius
464 1624 638 1688 Aeso
684 1624 708 1687 i
752 1624 1102 1688 detractam
1144 1645 1222 1689 ex
1265 1645 1416 1689 aure
1457 1623 1784 1706 Metellae,

223 1707 483 1774 Scilicet
522 1710 597 1772 ut
682 1708 846 1773 ecies
891 1708 1162 1773 solidum
1206 1707 1604 1791 absorberet,
1647 1711 1826 1773 aceto
2050 1720 2155 1771 240

221 1791 426 1858 Diluit
470 1792 793 1877 insignem
836 1792 1090 1857 bacam:
1145 1793 1253 1876 qui
1298 1792 1542 1875 sanior,
1588 1813 1662 1856 ac
1706 1793 1761 1856 si

219 1875 384 1941 Illud
429 1875 603 1940 idem
646 1877 717 1939 in
743 1877 1035 1961 rapidum
1075 1876 1314 1941 flumen
1356 1877 1666 1940 iaceretve
1695 1875 2020 1940 cloacam?

222 1959 442 2037 Quinti
488 1960 828 2047 progenies
872 1961 1050 2045 Arri,
1095 1981 1213 2045 par
1254 1959 1471 2026 nobile
1513 1959 1782 2026 fratrum
1791 2008 1811 2045 ,

219 2043 527 2130 Nequitia
555 2048 620 2110 et
660 2045 881 2143 nugis,
925 2066 1264 2129 pravorum
1303 2049 1369 2110 et
1397 2065 1612 2110 amore
1653 2044 2027 2130 gemellum,

219 2129 553 2196 Luscinias
596 2130 771 2194 soliti
813 2130 884 2193 in
929 2150 1083 2194 enso
1127 2129 1438 2214 prandere
1481 2132 1791 2214 coemtas,
2046 2141 2148 2192 245

218 2213 539 2289 Quorsum
568 2213 842 2278 abeant?
943 2214 1094 2278 anin
1125 2216 1299 2279 creta
1340 2234 1423 2278 an
1452 2214 1727 2279 carbone
1769 2211 2019 2279 notati?

216 2298 574 2363 Aedificare
617 2318 824 2387 casas,
871 2298 1168 2381 plostello
1212 2298 1557 2384 adiungere
1600 2319 1812 2363 mures
1823 2347 1843 2382 ,

217 2382 464 2448 Ludere
507 2403 623 2467 par
664 2381 878 2467 inpar,
926 2382 1205 2466 equitare
1249 2383 1319 2447 in
1361 2382 1668 2448 arundine
1711 2382 1908 2468 longa

216 2466 479 2551 Siquem
523 2465 794 2532 delectet
834 2465 1200 2532 barbatum:
1245 2467 1528 2531 amentia
1568 2470 1800 2531 verset.

215 2550 282 2615 Si
323 2550 636 2636 puerilius
678 2550 780 2615 his
818 2550 983 2615 ratio
1028 2572 1165 2616 esse
1210 2551 1459 2615 evincet
1500 2571 1742 2633 amare,
2046 2562 2155 2614 250

213 2632 350 2700 Nec
381 2635 723 2732 quicquam
754 2634 1036 2719 differre,
1066 2637 1364 2699 utrumne
1384 2634 1454 2698 in
1474 2634 1761 2719 pulvere,
1791 2634 2020 2699 trimus

215 2718 416 2795 Quale
461 2739 638 2803 prius
713 2718 894 2784 ludas
939 2739 1128 2803 opus,
1172 2740 1257 2784 an
1298 2716 1649 2782 meretricis
1693 2737 1908 2782 amore

215 2801 544 2868 Sollicitus
588 2825 632 2887 p
660 2823 831 2868 ores:
876 2823 1141 2887 quaer0,
1185 2802 1469 2868 faciasne
1513 2799 1683 2885 quod
1726 2801 1882 2865 olim

213 2886 503 2952 Mutatus
534 2886 888 2952 Polemon?
981 2907 1136 2951 onas
1180 2886 1461 2972 insignia
1501 2884 1740 2967 morbi,

212 2969 570 3055 FasciolaS,
616 2972 855 3036 cubital
957 2971 1187 3055 ocalia,
1232 2974 1424 3055 potus
1468 2974 1541 3035 ut
1580 2970 1692 3034 ille
2046 2981 2153 3033 2⁶5

212 3052 468 3121 Dicitur
510 3077 587 3120 ex
632 3056 797 3121 collo
840 3020 1063 3119 {in-tim
1107 3055 1418 3140 carpsisse
1461 3073 1759 3138 coronas,

211 3137 629 3224 Postquamst
667 3140 956 3225 inpransi
1000 3143 1328 3224 correptus
1371 3158 1528 3203 voce
1568 3137 1907 3223 magistri?

213 3220 501 3310 Porrigis
544 3224 708 3289 irato
753 3243 951 3308 puero
997 3244 1141 3288 cum
1184 3243 1407 3307 poma,
1452 3226 1731 3307 recusat3

557 1392 594 1436 Ο

214 3306 433 3372 ‘Sume
447 3357 465 3392 ,
498 3308 779 3373 catelle’:
808 3329 890 3371 ne
939 3310 1035 3393 at3
1067 3307 1121 3371 si
1149 3327 1285 3371 non
1314 3306 1454 3390 des,
1486 3308 1682 3391 optet.
1750 3306 2022 3371 Amator

211 3389 531 3457 Exclusus
574 3391 683 3475 qui
726 3328 949 3474 distaff,
994 3390 1133 3476 agit
1169 3390 1281 3455 ubi
1310 3409 1552 3474 secum,
1598 3393 1703 3455 eat
1732 3411 1817 3453 an
1856 3411 2017 3473 non,
2048 3401 2157 3452 260

214 3474 356 3550 Quo
399 3475 720 3543 rediturus
764 3478 901 3540 erat
941 3495 1077 3539 non
1119 3475 1486 3558 arcessitus,
1533 3476 1599 3538 et
1639 3473 1858 3538 haeret

214 3556 447 3625 Invisis
493 3559 782 3624 foribus?
837 3558 962 3624 ‘Ne
1005 3579 1177 3623 nunc
1186 3607 1206 3643 ,
1251 3578 1396 3623 cum
1438 3579 1542 3623 me
1585 3559 1774 3623 vocat
1815 3557 2016 3641 ultrO,
