2588 4046
217 261 306 335 x]
1040 259 1254 316 mez
1292 260 1337 319 1.
2022 253 2142 320 199

219 424 317 488 'ru
359 422 584 488 nidum
626 442 869 505 servas,
915 442 1034 506 ego
1077 421 1267 486 laudo
1312 422 1475 487 ruris
1519 423 1772 487 amoeni

218 507 417 572 Rivos
461 510 527 572 et
568 527 787 571 musco
833 506 1187 571 circumlita
1227 527 1383 571 saxa
1423 528 1789 591 nemusque.

220 591 385 668 Quid
430 589 723 674 quaeris?
790 588 957 654 Vivo
993 596 1067 655 et
1107 612 1306 687 regno
1322 639 1342 674 ,
1387 591 1577 656 simul
1618 593 1745 655 ista
1784 589 2014 675 reliqui

220 675 395 752 Quae
438 695 552 739 vos
595 673 678 738 ad
720 674 967 738 caelum
1010 674 1244 738 effertis
1286 696 1541 740 rumore
1584 674 1891 758 secunde,

218 759 432 842 thue
475 757 818 822 sacerdotis
984 758 1170 822 'tivus
1213 758 1344 822 liba
1384 779 1639 823 recuso:
2076 769 2141 820 ιο

217 842 393 907 Pane
436 862 594 928 egeo
638 842 768 906 iam
809 862 912 906 me
969 842 1071 906 ’tis
1114 842 1362 925 potiore
1402 843 1736 927 placentis.

218 926 451 991 Vivere
492 928 759 990 naturae
803 925 859 989 si
903 925 1353 990 convenienter
1396 929 1679 1010 oportet,

216 1009 442 1075 Ponen
601 1031 684 1074 ue
726 1009 914 1074 domo
960 1009 1380 1106 quaerendast
1421 1030 1568 1074 area
1595 1010 1914 1157 primum:

217 1093 556 1159 Novistine
625 1114 811 1158 ocum
853 1096 1167 1176 potiorem
1208 1114 1354 1158 rure
1396 1094 1585 1158 beato

217 1178 338 1242 Est
379 1177 490 1241 ubi
532 1177 677 1261 plus
719 1178 981 1260 tepeant
1021 1176 1262 1242 hiemes
1276 1226 1296 1261 ,
1339 1177 1449 1242 ubi
1489 1178 1736 1262 gratior
1780 1199 1931 1242 aura
2077 1189 2137 1239 ιε

217 1261 447 1325 Leniat
490 1263 557 1325 et
596 1260 840 1325 rabiem
884 1260 1076 1328 Canis
1122 1263 1186 1325 et
1225 1264 1551 1336 momenta
1592 1261 1856 1344 Leonis,

219 1343 381 1410 Cum
424 1345 621 1409 semel
664 1344 911 1428 accepit
953 1342 1168 1409 Solem
1208 1345 1587 1410 furibundus
1630 1344 1926 1410 acutum?

217 1428 339 1493 Est
378 1428 489 1493 ubi
532 1428 793 1493 divellat
832 1448 1090 1492 somnos
1133 1430 1344 1494 minus
1387 1429 1602 1494 invida
1643 1428 1834 1493 cura?

218 1512 514 1577 Deterius
556 1511 814 1596 Libycis
858 1512 990 1577 olet
1031 1515 1143 1578 aut
1182 1514 1349 1578 nitet
1388 1513 1585 1578 herba
1626 1511 1906 1597 lapillis?

218 1596 446 1661 Purior
488 1596 558 1661 in
598 1596 755 1661 vicis
799 1617 965 1680 aqua
1006 1596 1215 1661 tendit
1254 1618 1547 1680 rumpere
1588 1597 1948 1680 plumbum,
2076 1609 2142 1659 20

220 1679 425 1756 Quam
478 1700 639 1764 quae
682 1701 796 1764 per
838 1701 1111 1764 pronum
1164 1680 1442 1765 trepidat
1468 1764 1482 1778 ·
1495 1701 1679 1827 cum?
1693 1702 2013 1745 murmure

1429 1786 1637 1829 rivum

218 1849 468 1932 Nempe
510 1848 678 1913 inter
719 1847 926 1912 varias
966 1848 1245 1913 nutritur
1286 1848 1448 1914 silva
1487 1849 1847 1930 columnas,

218 1932 660 2017 Laudaturque
704 1932 956 2016 domus,
1001 1933 1230 2017 longos
1265 1952 1426 2015 quae
1468 1932 1777 2016 prospicit
1805 1952 2011 2016 agros.

219 2016 532 2083 Naturam
575 2016 853 2101 expelles
895 2016 1103 2100 furca,
1146 2019 1364 2082 tamen
1405 2038 1605 2101 usque
1646 2018 1956 2100 recurret,

219 2102 305 2167 Et
346 2102 518 2165 mala
603 2103 924 2185 errumpet
961 2100 1182 2165 furtim
1224 2101 1484 2166 fastidia
1523 2101 1769 2166 victrix.
2073 2111 2140 2163 25

219 2185 372 2251 Non
414 2186 527 2269 qui
615 2185 834 2250 idonio
879 2184 1262 2250 contendere
1306 2185 1574 2251 callidus
1618 2188 1792 2250 ostro

218 2270 446 2336 Nescit
485 2270 876 2353 Aquinatem
917 2269 1210 2352 potantia
1250 2269 1487 2334 vellera
1528 2270 1746 2334 fucum

219 2352 472 2420 Certius
516 2354 786 2437 accipiet
827 2353 1128 2418 damnum
1169 2353 1511 2501 prquusve
1553 2352 1876 2437 medullis,

218 2437 427 2514 Quam
469 2438 578 2522 qui
618 2458 754 2502 non
794 2437 1032 2521 poterit
1072 2457 1220 2502 vero
1315 2437 1328 2450 '
1365 2438 1656 2522 tinguere
1697 2437 1949 2501 falsum.

218 2521 424 2598 Quem
465 2543 567 2586 res
609 2521 753 2605 plus
795 2522 996 2586 nimio
1041 2520 1433 2585 delectavere
1477 2520 1821 2605 secundae,
2075 2532 2142 2581 30

217 2605 505 2671 Mutatae
589 2627 673 2670 ua
707 2605 852 2670 'ent
941 2604 1163 2689 Siquid
1203 2604 1545 2687 mirabere,
1588 2624 1789 2688 pones

216 2689 485 2755 Invitus.
547 2628 751 2774 ‘lJuge
790 2710 1060 2774 magna:
1103 2688 1258 2753 licet
1299 2688 1416 2753 sub
1458 2708 1736 2785 paupere
1777 2690 1948 2752 tecto

216 2774 430 2859 Reges
473 2775 540 2838 et
579 2795 803 2858 regum
846 2774 979 2838 vita
1018 2793 1423 2858 praecanere
1467 2792 1725 2837 amlcos.

218 2857 460 2923 Cervus
503 2878 735 2941 equum
776 2879 995 2942 pugna
1034 2856 1261 2921 melior
1304 2855 1746 2921 communibus
1788 2854 2004 2919 herbis

217 2941 538 3024 Pellebat,
584 2941 787 3006 donec
828 2942 1040 3005 minor
1083 2940 1152 3004 in
1181 2939 1530 3006 certamine
1572 2940 1770 3024 longo
2074 2949 2139 3000 8⁶

217 3024 574 3109 Inploravit
615 3045 769 3109 opes
811 3023 1090 3090 hominis
1133 3024 1509 3108 frenumque
1550 3044 1693 3088 rece
1738 3023 1820 3107 it3

219 3108 347 3175 Sed
387 3112 727 3194 postquam
767 3109 936 3173 victo
978 3108 1193 3173 ridens
1238 3108 1530 3174 discessit
1572 3108 1654 3172 ab
1743 3110 1910 3191 oste,

216 3192 370 3258 Non
413 3193 691 3291 equitem
733 3192 951 3276 dorso,
999 3212 1136 3256 non
1177 3193 1431 3258 frenum
1474 3192 1719 3276 depulit
1759 3213 1889 3256 ore.

220 3275 328 3343 Sic
371 3298 483 3362 qui
524 3277 891 3361 pauperiem
931 3276 1168 3341 veritus
1211 3277 1462 3361 potiore
1504 3275 1780 3340 metallis

218 3360 545 3426 Libertate
590 3363 793 3443 caret,
838 3360 1167 3425 dominum
1207 3360 1384 3425 vehit
1423 3359 1733 3458 inprobus
1776 3363 1965 3443 atque
2078 3368 2144 3420 40

221 3443 469 3509 Serviet
505 3448 864 3527 aeternum,
908 3445 1057 3529 quia
1098 3465 1296 3528 parvo
1338 3446 1581 3508 nesciet
1621 3443 1736 3507 uti.

222 3526 342 3594 Oui
384 3550 520 3593 non
562 3529 898 3593 conveniet
939 3550 1055 3593 sua
1095 3549 1226 3611 res,
1269 3531 1344 3592 ut
1386 3528 1632 3592 calceus
1676 3526 1858 3611 olim,
