2588 4046
379 241 502 305 164
1133 246 1559 303 sATmARVM
2189 245 2322 317 [m.

510 411 856 497 Octoginta
898 431 1101 475 annos
1143 412 1365 494 natus,
1410 411 1513 475 cui
1557 409 1844 495 stragula
1885 409 2109 492 vesfis,

506 494 863 560 Blattarum
908 517 982 560 ac
1022 495 1340 560 tinearum
1369 496 1610 579 epulae,
1660 496 1987 578 putrescat
2029 493 2098 557 in
2129 512 2314 557 arca:

384 592 481 643 120
507 579 828 645 Nimirum
868 580 1131 644 insanus
1172 578 1391 663 paucis
1434 579 1749 662 videatur,
1797 600 1872 644 eo
1918 577 2088 662 quod

503 664 784 728 Maxima
824 686 971 749 pars
1015 662 1350 728 hominum
1391 663 1615 727 morbo
1659 662 1935 728 iactatur
1980 661 2224 727 eodem.

503 747 704 813 Filius
750 751 860 812 aut
902 748 1097 813 etiam
1139 746 1298 812 haec
1340 747 1605 812 libertus
1648 750 1722 811 ut
1766 747 1983 811 ebibat
2022 745 2207 810 heres
2220 794 2241 828 ,

502 831 621 896 Dis
664 833 920 897 inimice
964 854 1185 915 senex,
1233 830 1559 896 custodis?
1633 831 1733 895 Ne
1774 831 1895 896 tibi
1938 829 2145 895 desit?

506 916 895 993 Quantulum
925 917 1096 981 enim
1127 937 1412 981 summae
1443 915 1719 980 curtabit
1749 916 2013 999 quisque
2043 914 2321 997 dierum,

381 1009 478 1064 125
505 999 808 1085 Vnguere
854 1001 908 1065 si
953 1002 1164 1066 caules
1208 1000 1350 1065 oleo
1394 1000 1655 1064 meliore
1699 1021 1774 1064 ca
1817 1001 2012 1160 utgue

507 1084 810 1169 Coeperis
854 1085 1090 1169 inpexa
1131 1084 1389 1149 foedum
1431 1084 1757 1169 porrigine
1936 1104 2113 1167 uare,

503 1169 572 1235 Si
657 1169 862 1234 uidvis
907 1170 1063 1234 satis
1108 1171 1234 1252 est,
1278 1169 1565 1252 periuras
1574 1217 1592 1251 ,
1640 1168 1934 1252 surripis,
1980 1168 2189 1232 aufers

501 1191 841 1350 Vndique?
907 1253 1050 1318 Tun
1094 1252 1331 1318 sanus?
1397 1253 1715 1338 Populum
1758 1254 1815 1318 si
1845 1253 2105 1318 caedere
2138 1253 2317 1318 saxis

502 1337 781 1422 Incipias
826 1359 1118 1404 servosve
1161 1341 1340 1422 tuos,
1384 1359 1544 1422 quos
1589 1359 1732 1403 aere
1774 1337 2051 1423 pararis,

380 1434 479 1484 130
505 1422 813 1487 Insanum
855 1425 920 1486 te
964 1444 1185 1488 omnes
1226 1422 1410 1508 pueri
1453 1423 1847 1506 clamentque
1889 1423 2168 1507 puellae3

506 1504 669 1571 Cum
711 1507 936 1590 laqueo
967 1529 1229 1572 uxorem
1272 1507 1586 1572 interimis
1618 1510 2010 1591 matremque
2037 1528 2314 1591 veneno,

500 1589 819 1656 Incolumi
861 1591 1067 1676 capite
1112 1592 1226 1656 es?
1303 1590 1470 1668 Quid
1512 1592 1724 1740 en}m‘?
1800 1590 2026 1738 {leque
2068 1594 2140 1655 tu
2182 1589 2315 1657 hoc

1623 1697 1753 1741 ac1s
1970 1697 1999 1740 s

498 1759 639 1826 Nec
681 1760 850 1824 ferro
894 1763 968 1824 ut
1011 1760 1269 1826 demens
1313 1760 1703 1846 genetricem
1747 1760 1883 1824 occi
1934 1761 1946 1774 ‘
2009 1725 2311 1825 'Orestes

499 1845 609 1908 An
650 1847 722 1908 tu
763 1844 921 1909 reris
966 1867 1112 1909 eum
1156 1845 1368 1910 occisa
1410 1844 1724 1909 insanisse
1765 1847 2057 1928 parente,

377 1941 473 1990 135
502 1929 601 1993 Ac
629 1949 764 1993 non
806 1931 955 1993 ante
987 1929 1175 1993 malis
1220 1929 1578 1994 dementem
1621 1931 1832 1993 actum
1860 1927 2070 1993 Furiis
2114 1949 2315 2012 quam

498 2012 579 2078 In
621 2014 844 2078 matris
887 2013 1106 2098 iugulo
1151 2013 1390 2079 sermm
1432 2013 1736 2098 tepefecit
1779 2012 2077 2078 acutum?

499 2098 696 2181 Quin,
743 2119 821 2162 ex
891 2100 1038 2162 uost
1064 2097 1322 2163 habitus
1353 2098 1520 2163 male
1552 2101 1727 2162 tutae
1755 2097 1990 2162 mentis
2022 2097 2311 2183 Orestes,

496 2181 612 2247 Nil
656 2202 806 2245 sane
880 2182 1004 2246 ecit
1045 2182 1217 2266 quod
1257 2185 1332 2247 tu
1373 2181 1832 2267 reprehendere
1873 2181 2112 2266 possis:

497 2265 651 2330 Non
693 2265 979 2348 Pyladen
1020 2266 1189 2331 ferro
1232 2267 1475 2332 violare
1517 2287 1785 2332 aususve
1829 2286 2112 2331 sororem

376 2362 474 2411 140
501 2349 855 2446 Electram,
899 2352 1152 2415 tantum
1194 2350 1519 2416 maledicit
1558 2351 1809 2435 utrique
1852 2350 2140 2415 vocando

496 2434 683 2499 Hanc
694 2433 969 2518 Furiam,
988 2433 1160 2500 hunc
1176 2435 1368 2519 aliud,
1385 2434 1571 2499 iussit
1590 2434 1762 2518 quod
1781 2434 2114 2518 splendida
2130 2434 2312 2502 bilis.

496 2518 749 2602 Pauper
790 2517 1081 2602 Opimius
1127 2520 1377 2604 argenti
1419 2519 1616 2603 positi
1659 2519 1835 2583 intus
1881 2522 1948 2583 et
1990 2519 2158 2602 auri,

496 2601 620 2678 Qui
661 2602 1086 2667 Veientanum
1129 2604 1310 2668 festis
1353 2605 1572 2687 potare
1617 2601 1839 2668 diebus

497 2685 827 2771 Campana
870 2687 1095 2751 solitus
1136 2687 1333 2752 trulla
1373 2708 1772 2772 vappamque
1813 2686 2144 2771 profestis,

372 2783 467 2834 145
499 2770 834 2847 Quondam
876 2771 1082 2836 lethar
1129 2793 1166 2836 o
1210 2771 1505 2857 grandist
1547 2792 1585 2836 o
1630 2793 1917 2855 pressus,
1961 2774 2036 2835 ut
2075 2770 2268 2837 heres

494 2856 634 2921 Iam
679 2857 915 2921 circum
959 2793 1202 2921 locuglos
1247 2859 1313 2921 et
1356 2856 1562 2921 claves
1633 2859 1811 2921 aetus
1857 2872 2179 2939 ovansque
2245 2864 2248 2866 ’

495 2939 810 3005 Curreret.
863 2939 1055 3005 Hunc
1079 2940 1360 3006 medicus
1388 2941 1661 3006 multum
1690 2941 1856 3005 celer
1878 2943 2066 3024 atque
2093 2938 2309 3006 fidelis

490 3023 751 3089 Excitat
792 3023 915 3089 hoc
957 3027 1178 3110 pacto:
1220 3046 1511 3089 mensam
1552 3025 1710 3109 poni
1752 3025 1929 3089 iubet
1971 3027 2159 3108 atque

492 3107 755 3173 Effundi
800 3129 1016 3173 saccos
1060 3131 1496 3193 nummorum,
1542 3109 1840 3174 accedere
1927 3109 2096 3173 lures

372 3204 469 3256 160
496 3193 602 3257 Ad
619 3192 1109 3259 numerandum:
1130 3193 1456 3259 hominem
1475 3193 1567 3259 sic
1585 3194 1805 3280 erigit3
1910 3192 2004 3257 dit
2022 3195 2087 3257 et
2105 3192 2305 3259 illud:

496 3276 583 3343 ‘N
584 3278 606 3341 i
647 3279 761 3341 tua
790 3277 1066 3343 custodis
1145 3278 1366 3343 avidus
1407 3279 1535 3342 iam
1578 3277 1736 3343 haec
1777 3276 2021 3343 auferet
2061 3275 2303 3342 heres.'

495 3361 671 3426 ‘Men
712 3361 856 3427 vivo
870 3361 929 3451 *ΡΞ
1005 3326 1119 3428 ‘V7t
1150 3364 1324 3428 vivas
1368 3363 1565 3449 igitur
1574 3413 1604 3483 ’e
1610 3362 1880 3523 giggla’·
1928 3361 2082 3510 PHoc
2127 3369 2298 3446 age?

1668 3469 1735 3511 111
1819 3467 1915 3511 v1s
1965 3453 1987 3483 ⁹

494 3528 832 3595 ‘Deficient
873 3531 1130 3609 inopem
1173 3554 1370 3598 venae
1411 3536 1507 3616 te,
1550 3532 1621 3596 ni
1664 3532 1840 3597 cibus
1885 3533 2074 3614 atque
