2588 4046
451 227 532 291 98

451 1466 513 1513 10

450 1937 510 1984 15

445 2408 616 2460 20<

450 2920 515 2969 25

1212 230 1605 287 cfflmvm
2220 231 2396 305 [xm.

1312 464 1507 540 XIII.

619 594 966 680 Audivere,
1004 594 1201 680 Lyce,
1249 596 1315 660 di
1356 617 1500 659 mea
1541 598 1719 679 vota,
1766 595 1832 659 di

617 680 965 764 Audivere,
1010 679 1207 763 Lyce:
1251 680 1329 743 fis
1373 701 1530 745 anus
1576 683 1640 744 et
1680 683 1896 745 tamen

700 763 819 829 Vis
863 765 1146 828 formosa
1187 764 1388 828 videri

793 847 1109 931 Ludisque
1156 850 1220 911 et
1262 848 1429 912 bibis
1471 847 1789 931 inpudens

615 982 704 1047 Et
747 985 937 1047 cantu
977 983 1247 1047 tremulo
1292 985 1448 1065 pota
1491 981 1867 1065 Cupidinem

618 1066 892 1131 Leutum
936 1066 1259 1132 sollicitas.
1349 1065 1467 1130 Ille
1509 1065 1772 1130 virentis
1817 1069 1884 1130 et
2005 1141 2013 1149 ,

700 1149 945 1216 Doctae
988 1151 1260 1234 psallere
1306 1149 1502 1215 Chiae

795 1234 1087 1299 Pulchris
1133 1234 1402 1298 excubat
1444 1236 1513 1298 in
1558 1234 1764 1319 genis,

615 1368 1002 1453 Inpertunus
1048 1369 1218 1433 enim
1260 1368 1613 1433 transvolat
1654 1367 1860 1433 aridas

620 1452 900 1528 Quercus
945 1456 1010 1517 et
1049 1453 1290 1537 refugit
1331 1456 1397 1516 te
1408 1502 1427 1537 ‚
1473 1453 1621 1535 quia
1661 1451 1851 1518 luridi

701 1536 942 1601 Dentes
984 1540 1081 1621 te,
1127 1538 1275 1621 quia
1316 1558 1512 1634 rugae

793 1620 1081 1705 Turpant
1125 1625 1189 1685 et
1232 1622 1458 1705 capit1s
1500 1622 1699 1686 nives.

614 1754 753 1820 Nec
797 1755 966 1820 Coae
1007 1756 1296 1822 referunt
1336 1755 1463 1819 iam
1506 1755 1627 1819 tibi
1668 1777 1983 1840 purpurae

615 1839 679 1905 N
683 1836 754 1905 ec
798 1840 928 1903 cari
970 1839 1211 1923 lapides
1253 1843 1574 1924 tempora,
1621 1862 1780 1923 quae
1825 1840 2021 1904 semel

704 1922 895 1988 Notis
940 1923 1197 1988 condita
1237 1924 1423 1987 fastis

793 2007 1064 2073 Inclusit
1104 2008 1380 2073 volucris
1426 2007 1577 2074 dies.

613 2143 752 2219 Quo
794 2142 967 2227 fugit
997 2164 1225 2227 venus,
1269 2142 1398 2208 heu
1408 2191 1427 2226 ‚
1473 2164 1675 2226 quove
1720 2143 1941 2208 color?
1984 2143 2224 2211 decens

613 2226 752 2302 Quo
796 2227 1054 2291 motus?
1102 2226 1267 2301 Quid
1309 2227 1505 2291 habes
1548 2227 1750 2312 illius,
1793 2229 1993 2312 illius,

698 2310 871 2386 Quae
915 2311 1198 2394 spirabat
1239 2332 1516 2394 amores,
1633 2314 1634 2317 ’

791 2394 965 2470 Quae
1005 2416 1109 2459 me
1153 2398 1487 2479 surpuerat
1527 2395 1715 2479 mihi,

611 2528 791 2593 Felix
832 2530 983 2612 post
1022 2527 1322 2594 Cinaram
1392 2531 1434 2611 †
1455 2532 1732 2612 notaque
1776 2534 1841 2594 et
1882 2537 2115 2595 artium

613 2612 952 2678 Gratamm
994 2612 1235 2678 facies?
1296 2613 1421 2678 Sed
1466 2612 1732 2679 Cinarae
1776 2615 1997 2679 breves

695 2697 922 2761 Annos
963 2697 1098 2760 fata
1140 2696 1477 2779 dederunt,

790 2780 1126 2846 Servatura
1170 2780 1277 2844 diu
1319 2802 1540 2864 parem

610 2915 897 2981 Cornicis
941 2916 1186 2980 vetulae
1229 2916 1621 2999 temporibus
1664 2916 1906 3000 Lycen,

608 2998 881 3064 Possent
921 3002 995 3063 ut
1036 2999 1293 3064 iuvenes
1337 3000 1540 3064 visere
1582 3001 1809 3066 fervidi

694 3082 901 3147 Multo
945 3104 1078 3147 non
1123 3085 1260 3147 sine
1305 3083 1439 3148 risu

785 3165 1116 3251 Dilapsam
1159 3168 1229 3231 in
1272 3168 1515 3232 cineres
1558 3169 1780 3234 facem.
