2588 4046
439 229 563 292 114
1246 229 1543 286 Eronos
2199 230 2369 304 [vm.

563 394 701 460 Nec
746 393 831 458 sit
872 393 1130 477 marita,
1177 414 1339 476 quae
1381 392 1858 459 rotundioribus

648 478 896 543 Onusta
938 477 1113 542 bacis
1157 477 1456 541 ambulet.

437 576 501 625 15
563 561 729 640 Quid
772 561 942 646 quod
985 561 1188 626 libelli
1231 560 1417 626 stoici
1460 561 1629 625 inter
1673 561 1908 626 sericos
2033 633 2036 636 Α

644 647 860 710 Iacere
902 645 1201 730 pulvillos
1246 644 1508 709 amant?

563 729 921 794 Inlitterati
965 751 1124 793 num
1169 751 1276 793 ma
1323 730 1380 793 is
1425 728 1609 793 nervi
1654 728 1900 813 rigent,

648 812 940 878 Minusve
985 812 1010 875 l
1185 815 1249 877 et
1320 811 1652 877 ascinum?

561 896 747 975 Quod
789 899 863 961 ut
905 916 1095 979 super
1140 916 1177 960 o
1222 916 1529 980 provoces
1574 896 1655 961 ab
1699 895 1994 981 inguine,

432 994 502 1044 20
631 981 757 1046 Ore
802 979 1371 1045 adlaborandumst
1411 979 1550 1045 tibi.

1277 1268 1510 1344 VHH.

555 1402 823 1479 Quando
864 1422 933 1467 re
981 1403 1192 1466 ostum
1229 1399 1593 1466 Caecubum
1636 1400 1717 1465 ad
1758 1399 1956 1465 festas
2001 1400 2235 1487 dapes,

638 1486 899 1552 Victore
933 1423 1144 1550 faetus
1189 1481 1490 1568 Caesare,

553 1571 790 1636 Tecum
833 1570 950 1635 sub
995 1570 1126 1634 alta
1151 1604 1240 1619 —
1267 1569 1360 1633 sic
1402 1567 1542 1633 Iovi
1583 1571 1839 1653 gratum
1867 1607 1951 1616 —
1981 1568 2209 1654 domo,

635 1654 833 1719 Beate
875 1653 1244 1736 Maecenas,
1288 1652 1507 1717 bibam

423 1751 456 1800 5
556 1737 838 1804 Sonante
880 1737 1149 1803 mixtum
1190 1736 1368 1801 tibiis
1413 1758 1668 1802 carmen
1710 1738 1877 1823 lyra,

633 1822 773 1888 Hac
816 1820 1119 1906 Dorium,
1163 1821 1292 1885 illis
1335 1820 1720 1885 barbarum?

548 1907 640 1972 Vt
680 1927 915 1992 nuper,
961 1910 1139 1971 actus
1184 1927 1329 1971 cum
1371 1906 1535 1971 freto
1578 1904 1941 1989 Neptunius

630 1989 779 2056 Dux
943 1990 991 2056 ‘t
1034 1990 1193 2055 ustis
1235 1989 1536 2075 navibus,

438 2153 446 2160 ,
547 2075 831 2141 Minatus
935 2075 1036 2139 rbi
1078 2074 1294 2139 vincla
1368 2096 1529 2172 quae
1573 2073 1931 2140 detraxerat

397 2173 488 2223 νιο
631 2159 842 2226 Servis
886 2160 1127 2226 amicus
1170 2123 1448 2244 perlidls.

545 2244 873 2309 Romanus
946 2244 1106 2309 eheu
1165 2280 1253 2292 —
1278 2243 1520 2327 posteri
1563 2242 1885 2328 negabitis
1914 2279 1999 2292 —

627 2326 1087 2413 Emancipatus
1130 2327 1405 2392 feminae

539 2412 690 2478 Fert
731 2413 970 2479 vallum
1013 2415 1079 2477 et
1121 2433 1297 2477 arma
1337 2410 1520 2476 miles
1566 2413 1631 2475 et
1673 2409 2063 2496 spadonibus

631 2496 878 2562 Servire
920 2497 1173 2582 rugosis
1215 2498 1457 2580 potest,

421 2593 482 2643 15
539 2581 842 2665 Interque
884 2581 1072 2679 signa
1111 2583 1297 2664 turpe
1339 2579 1642 2644 militaria

629 2665 740 2731 Sol
783 2665 1058 2749 adsplcit
1096 2664 1456 2748 conopium.

541 2750 646 2814 Ad
688 2749 812 2815 hoc
855 2750 1196 2813 frementes
1238 2751 1566 2813 verterunt
1605 2747 1705 2812 bis
1748 2748 1922 2813 mille
1967 2768 2176 2832 equos

628 2833 829 2917 Galli,
876 2836 1175 2898 canentes
1219 2832 1556 2898 Caesarem
1567 2882 1586 2917 ,

538 2917 1014 3002 Hostiliumque
1056 2917 1316 2981 navium
1358 2919 1550 3002 portu
1591 2916 1796 2982 latent

413 3015 481 3065 20
627 3001 880 3099 Puppes
922 3001 1358 3067 sinistrorsum
1401 3002 1582 3067 citae.

540 3085 612 3150 Io
636 3082 1008 3171 Triumphe,
1052 3088 1124 3151 tu
1165 3085 1432 3150 moraris
1477 3106 1701 3150 aureos

625 3168 860 3235 Currus
905 3172 971 3234 et
1008 3170 1283 3234 intactas
1326 3169 1564 3234 boves?

537 3253 609 3318 Io
628 3253 1002 3338 Triumphe,
1045 3275 1166 3319 nec
1207 3252 1590 3339 Iugurthino
1635 3274 1852 3339 parem

622 3337 805 3402 Bello
848 3338 1189 3434 reportasti
1235 3338 1491 3422 ducem,

406 3435 476 3484 25
538 3421 639 3489 Ne
684 3443 762 3486 ue
803 3421 1211 3506 Asncanum,
1257 3422 1361 3487 cui
1403 3442 1591 3507 super
1635 3419 2094 3506 Carthaginem

620 3443 842 3573 &irtus
886 3506 1243 3591 sepulcrum
1288 3505 1598 3572 condidit.
