2588 4046
471 251 601 317 204
1170 253 1679 310 EPISTVLARVM
2262 252 2406 327 [XV.

599 418 707 483 Me
748 416 904 482 facit
944 415 1250 501 invisum,
1294 417 1507 502 gelida
1549 436 1693 482 cum
1735 416 1992 500 perluor
2033 415 2209 481 unda

536 515 571 567 6
600 502 724 567 Per
764 502 1045 566 medium
1087 501 1311 586 frigus.
1401 500 1566 566 Sane
1608 503 1883 565 murteta
1925 500 2202 584 relinqui

602 585 915 670 Dictaque
959 588 1315 650 cessantem
1356 586 1568 649 nervis
1614 584 1846 649 elidere
1886 583 2184 649 morbum

601 668 859 736 Sulfura
900 669 1224 734 contemni
1298 669 1472 733 vicus
1513 669 1742 754 gemit,
1787 668 2041 734 invidus
2083 668 2298 753 aegris
2313 717 2331 751 ,

602 755 726 831 Qui
748 756 939 851 caput
955 754 1024 819 et
1047 752 1445 817 stomachum
1474 773 1831 837 supponere
1859 752 2149 816 fontibus
2169 751 2413 816 audent

602 838 910 920 Clusinis,
956 836 1320 920 Gabiosque
1362 839 1589 920 petunt
1631 839 1696 901 et
1734 836 1971 921 frigida
2010 857 2177 901 rura.

507 935 573 986 ιο
600 921 947 986 Mutandus
990 920 1167 985 locus
1212 924 1314 985 est
1354 924 1421 985 et
1461 920 1821 985 deversoria
1862 922 2017 984 nota

600 1004 1147 1090 Praeteragendus
1192 1025 1408 1088 equus.
1498 1003 1660 1081 ‘Quo
1688 1003 1911 1153 cfiendis
1926 1003 1959 1068 ¹?
2046 1003 2204 1072 Non
2246 1003 2411 1068 mihi

1740 1108 1920 1152 umas

601 1174 723 1240 Est
763 1174 887 1238 iter
928 1175 1041 1238 aut
1080 1171 1297 1237 Baias’
1341 1173 1524 1237 laeva
1568 1172 2006 1237 stomachosus
2047 1171 2306 1236 habena

601 1257 791 1322 Dicet
833 1277 1050 1341 eques;
1095 1256 1208 1321 sed
1251 1257 1431 1339 equis
1474 1257 1788 1320 frenatost
1830 1256 1999 1320 auris
2043 1256 2113 1319 in
2157 1257 2332 1342 ore);

469 1422 472 1424 ‚
601 1342 809 1406 Maior
850 1343 1063 1405 utrum
1148 1341 1411 1424 opulum
1453 1340 1758 1405 frumenti
1801 1340 1986 1423 copia
2028 1342 2277 1423 pascat,

506 1437 569 1489 1⁶
601 1424 1003 1491 collectosne
1044 1424 1112 1488 bi
1156 1426 1269 1488 ant
1311 1424 1546 1489 imbres
1588 1428 1897 1521 puteosne
1938 1444 2254 1507 perennes

603 1509 781 1594 Iugis
822 1530 1023 1592 aquae
1068 1509 1248 1592 (nam
1289 1509 1442 1572 vina
1482 1508 1646 1573 m‘Jml
1688 1529 1903 1572 moror
1943 1507 2118 1572 illius
2159 1528 2340 1574 orae.

602 1593 775 1658 Rure
815 1614 958 1657 meo
1001 1613 1263 1676 possum
1307 1591 1555 1677 quidvis
1597 1592 1878 1675 perferre
1965 1592 2208 1677 atique3

600 1677 707 1741 Ad
747 1698 923 1741 mare
966 1697 1111 1741 cum
1152 1676 1329 1759 veni,
1382 1696 1765 1761 generosum
1815 1679 1880 1741 et
1956 1695 2074 1740 ene
2117 1676 2378 1759 requiro
2389 1725 2410 1760 ,

604 1760 790 1845 Quod
833 1781 1016 1825 curas
1059 1760 1306 1845 abigat,
1352 1760 1522 1843 quod
1566 1781 1710 1825 cum
1753 1781 1784 1824 s
1832 1781 1867 1824 e
1910 1759 2103 1824 divite
2145 1763 2371 1825 manet

504 1857 572 1907 20
599 1844 678 1908 In
704 1866 899 1909 venas
930 1844 1338 1928 animumque
1365 1865 1609 1929 meum,
1646 1864 1771 1928 quo
1843 1843 2038 1908 verba
2062 1843 2412 1927 ministret,

605 1928 789 2003 Quod
830 1950 934 1992 me
975 1927 1271 1993 Lucanae
1322 1928 1614 1993 iuvenem
1657 1927 2059 1993 commendet
2100 1928 2411 2014 amicae);

602 2012 867 2077 Tractus
909 2014 1050 2077 uter
1090 2012 1305 2110 plures
1347 2012 1594 2096 lepores
1605 2062 1624 2096 ,
1667 2015 1811 2078 uter
1854 2012 2079 2077 educet
2120 2032 2344 2098 apros3

603 2095 765 2161 Vtra
805 2096 1010 2181 magis
1053 2118 1260 2180 pisces
1306 2098 1369 2160 et
1412 2094 1674 2162 echinos
1715 2118 1789 2162 ae
1835 2117 1990 2161 uora
2031 2096 2266 2179 celent,

604 2179 676 2244 P·
820 2181 871 2245 's
898 2183 970 2245 ut
996 2180 1146 2245 inde
1175 2180 1434 2244 domum
1476 2181 1719 2265 possim
1747 2180 1799 2245 P
1848 2201 2125 2265 aeaxque
2152 2181 2416 2265 reverti,

504 2275 570 2327 2⁶
604 2202 892 2329 Scriffire
934 2266 1000 2328 te
1042 2264 1229 2329 nobis
1247 2313 1266 2348 ,
1311 2265 1433 2328 tibi
1473 2286 1595 2329 nos
1637 2264 1973 2329 adcredere
2015 2286 2133 2348 par
2175 2268 2294 2331 est.

603 2347 910 2430 Maenius,
938 2351 1009 2412 ut
1044 2347 1233 2412 rebus
1276 2349 1581 2413 maternis
1625 2351 1816 2433 atque
1858 2349 2143 2433 paternis

601 2430 877 2496 Fortiter
918 2431 1272 2515 absumptis
1314 2432 1594 2497 urbanus
1639 2433 1853 2517 coepit
1892 2432 2148 2516 haberi,

604 2515 833 2581 Scurra
872 2536 1101 2601 vagus,
1156 2536 1292 2580 non
1334 2517 1443 2613 qui
1487 2519 1729 2581 certum
1781 2537 2003 2600 praese
2049 2537 2086 2581 e
2129 2519 2416 2602 teneret,

602 2600 951 2684 Inpransus
993 2620 1129 2664 non
1171 2600 1282 2684 qui
1325 2621 1526 2665 civem
1571 2599 1975 2686 dignosceret
2062 2603 2202 2665 oste
2217 2650 2235 2684 ,

503 2697 571 2747 80
600 2683 935 2759 Quaelibet
976 2683 1046 2748 in
1089 2683 1372 2767 quemvis
1417 2705 1456 2748 o
1502 2684 1762 2768 probria
1801 2684 2044 2770 fingere
2088 2706 2351 2770 saevus,

599 2767 921 2832 Pernicies
965 2769 1029 2832 et
1069 2770 1416 2852 tempestas
1503 2768 1953 2852 arathrumque
1996 2768 2281 2852 macelli,

603 2850 925 2935 Quidquid
970 2851 1326 2934 quaesierat
1367 2852 1577 2916 ventri
1619 2851 1886 2916 donaret
1926 2872 2139 2917 avaro.

598 2934 725 2999 Hic
736 2984 755 3018 ,
799 2934 910 2999 ubi
951 2935 1273 3019 nequitiae
1315 2934 1670 3000 fautoribus
1714 2938 1780 2999 et
1819 2935 2062 3000 timidis
2104 2936 2201 3000 nil

600 3018 736 3083 Aut
776 3018 1061 3103 paullum
1103 3019 1481 3103 abstulerat,
1524 3020 1778 3104 patinas
1823 3020 2095 3084 cenabat
2136 3022 2349 3086 omasi

501 3114 569 3165 85
608 3101 763 3167 Vilis
807 3104 872 3166 et
912 3103 1216 3188 agninae,
1258 3103 1462 3167 tribus
1503 3105 1668 3168 ursis
1754 3102 1883 3168 uod
1927 3104 2082 3168 satis
2126 3107 2333 3190 esset3

601 3185 858 3251 Scilicet
900 3189 974 3250 ut
1014 3189 1267 3251 ventres
1320 3187 1536 3252 lamna
1579 3208 1698 3251 can
1742 3189 1887 3251 ente
1929 3189 2237 3272 nepotum

599 3268 860 3335 Diceret
901 3270 1176 3335 urendos
1221 3274 1539 3336 corrector
1579 3270 1852 3336 Bestius.
1939 3270 2150 3354 Idem,

549 3392 550 3395 =
600 3353 921 3437 Quidquid
963 3357 1101 3418 erat
1141 3357 1368 3419 nactus
1410 3355 1682 3452 praedae
1720 3354 2012 3438 maioris,
2059 3354 2171 3420 ubi
2216 3375 2416 3422 omne

598 3436 894 3502 Verterat
913 3437 984 3501 in
1010 3438 1260 3502 fumum
1282 3441 1349 3502 et
1370 3458 1666 3522 emerem,
1697 3442 1852 3503 ‘non
1879 3437 2136 3504 hercule
2156 3439 2412 3523 miror,’

501 3533 567 3582 40
595 3520 856 3604 Aiebat,
903 3521 1097 3609 ‘siqui
1139 3522 1484 3587 comedunt
1522 3522 1721 3608 bona,
1766 3544 1911 3587 cum
1952 3521 2039 3587 sit
2081 3522 2281 3587 obeso
