2588 4046
509 233 627 298 158
1248 234 1674 291 SATmARVM
2334 235 2431 308 [Π.

504 412 567 461 45
629 399 971 483 Pauperies
1015 398 1220 482 epulis
1261 418 1515 483 regum:
1568 418 1721 461 nam
1762 397 1996 462 vilibus
2038 397 2175 462 ovis

626 483 714 548 Ni
794 483 1036 580 isquest
1065 483 1222 546 oleis
1264 481 1455 546 hodie
1498 481 1694 546 locuS.
1769 480 1961 545 Haud
2003 482 2094 545 ita
2138 481 2391 565 pridem

630 567 687 633 G
778 588 888 631 om
929 566 1266 651 praeconis
1311 568 1449 630 erat
1490 566 1857 649 acipensere
1900 586 2123 630 mensa

626 650 913 715 Infamis.
1022 649 1235 726 Quid?
1307 653 1444 715 tum
1506 648 1861 797 rhombatisb
1875 650 2087 797 min?us
2153 671 2431 734 aequora

1783 754 1816 797 e
1862 736 1975 797 ant

626 819 827 883 Tutus
870 822 1008 883 erat
1047 817 1353 883 rhombus
1397 820 1662 900 tutoque
1706 817 1954 882 ciconia
1993 818 2146 882 nido
2162 869 2181 900 ,

500 916 567 966 50
627 902 850 968 Donec
892 923 1007 967 vos
1052 905 1274 967 auctor
1318 901 1536 967 docuit
1575 902 1951 985 praetorius.
2038 901 2217 987 Ergo

627 986 836 1071 Siquis
878 1007 1050 1051 nunc
1091 1006 1347 1071 mergos
1392 1006 1615 1050 suaves
1659 985 1927 1050 edixerit
1969 1007 2146 1050 assos
2159 1035 2179 1069 ,

625 1070 884 1136 Parebit
923 1072 1103 1155 pravi
1147 1069 1371 1134 docilis
1413 1069 1706 1134 Romana
1747 1070 2060 1134 iuventus.

625 1154 929 1220 Sordidus
973 1175 1012 1217 a
1053 1155 1230 1218 tenui
1274 1154 1446 1218 victu
1489 1154 1778 1237 distabit,
1825 1153 2035 1219 Ofello

623 1239 867 1304 Iudice:
911 1260 1062 1303 nam
1105 1239 1343 1303 frustra
1385 1238 1608 1302 vitium
1651 1238 1945 1303 vitaveris
1989 1237 2180 1322 illud,

496 1336 560 1387 ⁶5
627 1323 696 1388 Si
739 1326 803 1388 te
848 1324 973 1387 alio
1017 1344 1286 1407 pravum
1330 1321 1685 1387 detorseris.
1772 1322 2125 1387 Avidienus
2136 1371 2156 1405 ,

622 1407 744 1472 Cui
788 1406 981 1473 Canis
1025 1427 1104 1471 ex
1145 1427 1296 1471 vero
1328 1407 1582 1471 ductum
1625 1426 1984 1491 cognomen
2027 1406 2364 1492 adhaeret,

623 1491 1075 1589 Quinquennes
1119 1491 1293 1556 oleas
1339 1493 1438 1555 est
1480 1493 1545 1555 et
1587 1490 1901 1554 silvestria
1944 1511 2169 1574 corna,

621 1578 717 1640 Ac
759 1577 885 1639 msi
929 1576 1242 1639 mutatum
1283 1574 1489 1659 parcit
1532 1574 1874 1639 defundere
1918 1575 2164 1658 vinum,
2211 1579 2277 1640 et

620 1658 816 1725 Cuius
861 1659 1119 1724 odorem
1162 1659 1289 1723 olei
1330 1679 1607 1741 nequeas
1651 1658 1959 1742 perferre,
2005 1659 2226 1723 licebit

493 1755 560 1805 00
621 1743 741 1808 Ille
782 1744 1058 1828 repotia,
1102 1743 1347 1807 natales
1391 1742 1629 1806 aliosve
1673 1742 1917 1807 dierum

616 1828 839 1892 Festos
885 1828 1132 1892 albatus
1178 1826 1482 1910 celebret,
1528 1846 1725 1891 cornu
1768 1826 1906 1910 ipse
1949 1826 2165 1891 bilibri

619 1911 920 1977 Caulibus
963 1911 1266 1994 instillat,
1312 1911 1542 1975 veteris
1585 1930 1720 1974 non
1762 1931 1990 1994 parcus
2035 1910 2217 1976 aceti.

619 1995 805 2071 Quali
849 1995 1045 2092 igitur
1087 1996 1260 2060 victu
1304 2016 1374 2059 sa
1419 1994 1558 2060 iens
1603 1996 1845 2078 utetur,
1891 1998 1956 2061 et
1996 1994 2226 2060 horum

617 2080 845 2145 Vtrum
883 2079 1281 2147 imitabitur?
1538 2083 1768 2164 urguet
1808 2080 2024 2164 lupus,
2070 2079 2191 2146 hac
2221 2083 2419 2166 canis,

1704 2163 1903 2229 aiunt.

490 2259 555 2309 65
615 2247 891 2312 Mundus
936 2251 1081 2331 erit,
1127 2269 1251 2331 qua
1291 2269 1426 2312 non
1468 2248 1752 2313 offendat
1792 2248 2114 2332 sordibus,
2161 2253 2354 2334 atque

613 2330 693 2394 In
720 2334 1008 2396 neutram
1037 2335 1284 2416 partem
1310 2333 1515 2397 cultus
1547 2333 1757 2396 miser.
1818 2331 1943 2397 Hic
1963 2353 2171 2416 neque
2194 2335 2416 2418 servis,

614 2416 839 2480 Albuti
884 2416 1053 2480 senis
1094 2417 1384 2499 exemplo
1398 2465 1416 2499 ,
1463 2416 1614 2480 dum
1657 2416 1878 2480 munia
1921 2417 2110 2500 didit,

616 2497 850 2564 Saevus
895 2500 1045 2582 erit,
1101 2519 1223 2564 nec
1266 2500 1359 2564 sic
1403 2503 1475 2564 ut
1517 2500 1788 2584 simplex
1830 2500 2108 2566 Naevius
2152 2506 2415 2567 unctam

615 2582 914 2648 Convivis
978 2583 1310 2667 praebebit
1363 2605 1625 2668 aquam:
1696 2584 1922 2648 vitium
1986 2583 2110 2649 hoc
2164 2606 2417 2671 quoque

1699 2690 2022 2753 magnum.

486 2763 553 2815 ‘10
615 2752 857 2835 Accipe
884 2774 1085 2836 nunc,
1131 2753 1335 2818 victus
1364 2753 1575 2817 tenuis
1617 2773 1776 2835 quae
1807 2756 2169 2836 quantaque
2196 2774 2416 2818 secum

611 2836 898 2901 Adferat.
987 2836 1066 2900 In
1107 2837 1331 2921 primis
1375 2837 1587 2901 valeas
1629 2836 1820 2902 bene:
1863 2858 2016 2901 nam
2058 2836 2270 2901 variae
2311 2859 2416 2902 res

611 2920 701 2984 Vt
741 2925 1019 2986 noceant
1059 2921 1338 3004 homini,
1384 2920 1634 3002 credas,
1689 2941 1935 2985 memor
1985 2920 2159 2985 illius
2205 2942 2417 3005 escae,

612 3003 787 3079 Quae
832 3005 1101 3088 simplex
1145 3005 1301 3069 olim
1342 3004 1463 3069 tibi
1504 3004 1764 3087 sederit,
1812 3007 1881 3069 at
1923 3005 2113 3069 simul
2157 3006 2321 3071 assis

610 3087 943 3154 Miscueris
987 3089 1181 3171 elixa,
1226 3088 1417 3153 simul
1460 3088 1795 3172 conchylia
1835 3088 2040 3153 turdis
2054 3137 2074 3173 ,

483 3183 549 3235 75
613 3171 843 3237 Dulcia
871 3194 939 3237 se
966 3173 1037 3237 in
1079 3173 1274 3237 bilem
1303 3175 1554 3237 vertent
1581 3173 2034 3257 stomachoque
2067 3174 2419 3239 tumultum

607 3256 813 3320 Lenta
855 3256 1017 3321 feret
1057 3257 1310 3340 pituita.
1398 3255 1625 3339 Vides,
1671 3260 1744 3321 ut
1785 3257 2062 3341 pallidus
2107 3259 2318 3322 omnis

610 3339 787 3405 Cena
828 3339 1129 3437 desurgat
1172 3340 1405 3405 dubia?
1495 3340 1664 3416 Quin
1709 3362 1937 3426 corpus
1982 3344 2286 3406 onustum

607 3423 942 3488 Hesternis
986 3424 1158 3488 vitiis
1202 3424 1487 3489 animum
1531 3444 1779 3509 quoque
1832 3429 2213 3510 praegravat
2255 3448 2419 3512 una,

610 3509 824 3590 Atque
866 3507 1089 3591 adfigit
1130 3507 1324 3573 humo
1368 3508 1618 3573 divinae
1659 3509 2039 3592 particulam
2081 3531 2291 3575 aurae.
