2588 4046
693 200 868 257 VITA
899 200 962 267 Q.
991 201 1294 258 HORATII
1323 201 1593 262 FLACGI.
1977 198 2103 264 243

171 388 344 430 mere
388 368 639 443 feceris,
689 371 979 448 quoniam
1021 369 1087 429 id
1131 389 1275 429 usus
1319 369 1469 429 mihi
1510 377 1711 430 tecum
1755 389 1885 431 esse
1915 371 2101 444 volui,

168 456 225 514 si
272 472 387 533 per
428 453 851 514 valetudinem
892 461 1061 512 tuam
1101 453 1234 513 fieri
1276 453 1527 532 possit'.
1589 462 1651 515 et
1692 475 1929 515 rursus:
1979 455 2105 514 ‘tui

169 538 420 616 qualem
448 537 712 598 habeam
741 538 1120 610 memoriam,
1168 539 1399 616 poteris
1431 557 1508 597 ex
1535 537 1830 617 Septimio
1861 558 2104 619 quoque

168 629 382 681 nostro
441 622 684 698 audire3
744 641 889 680 nam
932 620 1153 680 incidit
1193 629 1263 680 ut
1307 621 1411 680 illo
1458 642 1659 681 coram
1699 624 1872 682 fieret
1926 645 1963 683 a
2006 643 2103 684 me

168 706 265 765 tui
307 707 558 765 mentio.
617 723 821 784 neque
865 705 1029 764 enim
1070 706 1124 765 si
1169 712 1237 764 tu
1280 705 1583 783 superbus
1627 708 1951 766 amicitiam
1994 728 2101 767 no-

166 797 362 849 stram
401 791 714 867 sprevisti,
763 789 904 849 ideo
934 807 1048 848 nos
1092 807 1337 867 quoque
1380 783 2099 866 ἀνθυπερηφανοῦμενῆ

168 882 495 952 praeterea
522 892 710 952 saepe
754 874 918 933 inter
959 872 1115 932 alios
1159 875 1326 932 iocos
1357 874 1746 952 purissimum
1774 895 1997 954 penem
2039 884 2102 935 et

167 957 642 1017 homuncionem
684 956 1129 1035 lepidissimum
1169 956 1475 1035 adpellat,
1521 977 1770 1037 unaque
1815 967 1876 1018 et
1905 960 2101 1020 altera

167 1040 543 1101 liberalitate
570 1041 990 1120 locupletavit.
1034 1041 1262 1119 scripta
1284 1040 1535 1120 quidem
1564 1043 1693 1101 eius
1723 1061 1919 1122 usque
1940 1044 2098 1104 adeo

168 1124 458 1204 probavit
514 1144 921 1203 mansuraque
979 1134 1278 1204 perpetuo
1339 1126 1623 1203 opinatus
1670 1136 1789 1199 est,
1849 1135 1918 1186 ut
1970 1148 2098 1187 non

167 1208 352 1269 modo
397 1210 712 1270 saeculare
757 1228 1001 1270 carmen
1047 1209 1522 1288 conponendum
1564 1210 1929 1285 iniunxerit,
1985 1212 2098 1271 sed

169 1301 233 1352 et
262 1292 652 1353 Vindelicam
693 1293 1012 1353 victoriam
1052 1292 1291 1353 Tiberii
1320 1293 1635 1372 Drusique
1677 1296 2098 1374 privignorum

167 1397 445 1451 suorum,
496 1396 756 1456 eumque
801 1377 1069 1454 coegerit
1098 1385 1350 1456 propter
1377 1377 1494 1437 hoc
1522 1377 1717 1437 tribus
1762 1380 2096 1439 carminum

165 1460 342 1521 libris
374 1481 451 1521 ex
477 1461 664 1539 longo
709 1461 1033 1521 intervallo
1064 1470 1350 1540 quartum
1392 1461 1651 1523 adderet
1698 1470 1837 1541 post
1870 1483 2095 1523 sermo·

166 1561 280 1605 nes
310 1565 456 1605 vero
487 1544 785 1624 quosdam
811 1545 1001 1604 lectos
1030 1545 1263 1604 nullam
1292 1546 1391 1605 sui
1419 1548 1795 1606 mentionem
1824 1546 2098 1607 habitam

165 1630 257 1688 ita
297 1630 378 1688 sit
407 1637 657 1708 questus
701 1628 916 1688 ‘irasci
958 1649 1055 1688 me
1098 1628 1213 1688 tibi
1242 1630 1426 1703 scito,
1475 1630 1642 1708 quod
1686 1650 1812 1689 non
1856 1631 1923 1690 in
1966 1631 2095 1709 ple-

165 1714 374 1791 risque
431 1711 731 1773 eiusmodi
783 1714 1023 1791 scriptis
1079 1731 1316 1772 mecum
1369 1713 1752 1792 potissimum
1804 1713 2095 1792 loquaris·

165 1817 250 1857 an
279 1798 527 1870 vereris,
575 1816 655 1857 ne
692 1797 859 1875 apud
887 1804 1164 1875 posteros
1208 1797 1440 1857 infame
1484 1795 1599 1856 tibi
1641 1799 1749 1871 sit,
1797 1798 1963 1875 quod
2005 1799 2094 1858 vi-

168 1881 372 1941 dearis
403 1881 719 1940 familiaris
749 1879 925 1941 nobis
968 1899 1100 1941 esse
1117 1879 1186 1940 ’θ’
1233 1882 1656 1959 expressitque
1702 1881 1973 1960 eclogam
2017 1881 2094 1942 ad

171 1980 241 2026 se
279 1965 448 2026 cuius
493 1966 736 2025 initium
780 1972 900 2026 est:

369 2096 489 2131 cum
524 2084 610 2131 tot
645 2081 917 2132 sustineas
952 2087 1009 2132 et
1045 2085 1199 2131 tanta
1232 2082 1454 2146 negotia
1488 2081 1665 2145 solus,

368 2163 452 2197 res
487 2147 658 2198 Italas
693 2150 858 2198 armis
891 2148 1113 2211 tuteris,
1151 2149 1395 2199 moribus
1431 2164 1620 2212 ornes,

367 2214 583 2279 legibus
619 2215 897 2266 emendes.
933 2216 991 2265 in
1026 2186 1243 2281 publica
1276 2215 1551 2266 commoda
1583 2231 1831 2282 peccem,

369 2282 418 2333 si
451 2281 616 2346 longo
654 2298 896 2334 sermone
931 2297 1104 2334 morer
1138 2287 1234 2333 tua
1268 2288 1536 2349 tempora,
1574 2283 1789 2334 Caesar.

161 2384 458 2445 Horatius
488 2384 705 2445 habitu
737 2387 1005 2464 corporis
1035 2385 1153 2445 fuit
1181 2384 1388 2445 brevis
1429 2395 1614 2465 atque
1645 2386 1894 2462 obesus3
1943 2405 2094 2465 qua-

160 2470 239 2529 lis
272 2477 334 2529 et
362 2490 399 2528 a
428 2476 622 2528 semet
663 2471 796 2548 ipso
842 2471 909 2529 in
937 2470 1141 2529 satiris
1188 2468 1554 2529 describitur
1598 2479 1659 2529 et
1701 2469 1778 2528 ab
1807 2469 2092 2549 Augusto

160 2552 278 2612 hac
335 2553 599 2632 epistula
664 2552 682 2582 ‘
698 2553 955 2632 pertulit
997 2553 1078 2613 ad
1120 2572 1217 2612 me
1263 2550 1538 2633 Onysius
1580 2552 1859 2613 libellum
1899 2562 2090 2627 tuum,

160 2655 346 2716 quem
390 2657 532 2716 ego,
580 2645 650 2696 ut
694 2645 1103 2711 excusantem,
1152 2637 1744 2716 quantuluscumque
1776 2645 1896 2710 est,
1942 2637 2093 2697 boni

159 2720 434 2781 consulo.
491 2722 693 2781 vereri
736 2729 941 2782 autem
969 2720 1118 2780 mihi
1160 2720 1417 2794 videris,
1467 2741 1545 2780 ne
1590 2721 1850 2781 maiores
1893 2720 2094 2781 libelli

160 2806 255 2864 tui
297 2805 448 2877 sint,
510 2824 694 2884 quam
736 2805 869 2884 ipse
914 2824 998 2865 es.
1058 2804 1171 2866 sed
1212 2806 1267 2864 si
1312 2804 1425 2864 tibi
1468 2812 1704 2864 statura
1750 2804 1912 2878 dest,
1960 2824 2090 2864 cor-

156 2888 481 2967 pusculum
536 2909 662 2948 non
709 2889 862 2949 dest.
935 2890 1146 2967 itaque
1199 2888 1411 2948 licebit
1464 2889 1531 2947 in
1573 2888 1903 2948 sextariolo
1947 2890 2091 2947 scri·

156 2972 298 3032 bas:
331 2991 451 3051 quo
484 2974 772 3033 circuitus
802 2972 1128 3033 voluminis
1158 2973 1251 3031 tui
1278 2973 1359 3031 sit
1389 2967 1897 3044 ὀγκωδέστατος,
1933 2973 2093 3031 sicut

157 3064 252 3117 est
280 3057 609 3116 ventriculi
636 3058 785 3117 tui'.
846 3058 1002 3117 vixit
1030 3057 1360 3135 plurimum
1401 3058 1467 3115 in
1509 3075 1754 3117 secessu
1796 3057 1951 3114 ruris
1995 3058 2093 3114 sui

156 3139 376 3201 Sabini
419 3148 527 3201 aut
567 3140 913 3202 Tiburtini·
975 3140 1311 3240 domusque
1356 3141 1486 3200 eius
1543 3139 1887 3200 ostenditur
1931 3139 2091 3198 circa

153 3223 424 3284 Tiburni
476 3225 766 3285 luculum.
838 3232 1147 3286 venerunt
1200 3226 1268 3284 in
1324 3243 1540 3284 manus
1593 3243 1759 3284 meas
1814 3231 1877 3283 et
1929 3223 2092 3300 elegi

152 3307 268 3369 sub
312 3308 492 3368 titulo
539 3309 699 3380 eius,
750 3316 812 3368 et
853 3309 1117 3387 epistula
1146 3328 1330 3387 prosa
1373 3309 1677 3382 oratione,
1727 3307 1903 3386 quasi
1934 3325 2091 3366 com-

151 3392 506 3453 mendantis
535 3411 604 3452 se
630 3353 1010 3453 Maecenati.
1056 3392 1170 3452 sed
1210 3400 1473 3471 utraque
1517 3386 1676 3452 falsa
1720 3399 1890 3490 puto.
1949 3408 2092 3449 nam

152 3478 316 3557 elegi
359 3477 673 3556 volgares,
734 3477 999 3557 epistula
1043 3477 1230 3537 etiam
1273 3476 1561 3537 obscura·
1620 3495 1740 3555 quo
1785 3474 1937 3535 vitio
1982 3473 2091 3533 mi·

1671 3574 1734 3623 16
1753 3571 1786 3606 ⁴¹
