2588 4046
460 252 585 317 212
1156 253 1668 311 Emsrvmvm
2157 249 2384 324 [xvm

588 418 754 495 Quid
794 417 1041 482 minuat
1083 438 1262 482 curas
1275 465 1293 499 ‚
1350 416 1502 500 quid
1544 419 1608 481 te
1650 415 1770 479 tibi
1812 413 2037 479 reddat
2078 411 2384 496 amicum,

587 502 753 579 Quid
793 523 949 586 pure
992 501 1362 585 tranquillet
1444 500 1650 564 honos
1694 520 1778 563 an
1819 498 2002 563 dulce
2050 496 2384 580 lucellum,

587 588 695 650 An
735 589 1048 651 secretum
1087 586 1210 649 iter
1255 587 1319 649 et
1358 548 1640 648 fallentis
1685 582 1911 647 semita
1951 582 2140 646 vitae.

586 670 692 735 Me
736 670 1027 753 quotiens
1071 668 1276 733 reficit
1318 666 1565 753 gelidus
1607 665 1916 751 Digentia
1955 666 2127 729 rivus
2137 713 2156 747 ,

466 768 560 818 105
591 753 794 830 Quem
834 753 1133 817 Mandela
1173 751 1369 835 bibit,
1412 774 1488 815 ru
1535 772 1679 815 osus
1722 750 1963 835 frigore
2005 768 2239 833 paguS,

589 838 755 914 Quid
798 837 1035 902 sentire
1077 836 1310 919 putas?
1355 855 1399 919 q
1446 836 1460 848 '
1537 834 1770 917 crediS,
1815 834 2045 916 amice,
2087 831 2383 916 precari?

590 923 714 987 ‘Sit
754 920 929 1000 mihi,
974 920 1144 1003 quod
1184 940 1357 984 nunc
1401 922 1526 1002 est,
1582 919 1775 1015 etiam
1817 916 2058 999 minus,
2117 918 2184 980 et
2225 915 2384 980 mihi

1673 1023 1881 1066 vivam

591 1087 774 1164 Quod
817 1090 1104 1172 superest
1144 1087 1313 1171 aevi,
1359 1087 1567 1171 siquid
1610 1105 1936 1169 superesse
1979 1084 2209 1149 volunt
2250 1082 2341 1167 di3

590 1172 690 1238 Sit
729 1173 901 1236 bona
944 1172 1251 1237 librorum
1294 1174 1360 1235 et
1445 1170 1690 1236 rovisae
1732 1168 1936 1254 frugis
1978 1168 2050 1231 in
2090 1188 2332 1231 annum

468 1270 565 1320 110
595 1256 687 1322 Co
733 1255 826 1339 ia,
868 1277 995 1321 neu
1035 1256 1279 1319 fluitem
1323 1254 1408 1320 du
1451 1255 1547 1319 iae
1593 1275 1704 1338 spe
1745 1251 2060 1337 pendulus
2102 1251 2345 1315 horae.'

590 1339 672 1405 Se
758 1339 912 1405 satis
957 1342 1055 1425 est
1098 1360 1277 1404 orare
1318 1338 1567 1421 Iovem,
1610 1358 1770 1421 quae
1811 1335 1998 1420 ponit
2038 1337 2104 1400 et
2145 1335 2378 1399 aufert:

587 1423 719 1489 Det
769 1423 996 1507 vitam,
1053 1423 1160 1488 det
1211 1444 1392 1507 opes;
1449 1443 1719 1506 aequum
1770 1421 1868 1568 mli)
1916 1419 2202 1485 animum
2248 1419 2381 1503 ipse

1671 1526 1826 1589 para
1871 1525 1928 1570 0.

1275 1793 1572 1868 XVIIII.

591 1926 809 1992 Prisco
854 1928 910 1991 si
953 1925 1185 2006 credis,
1230 1924 1567 1989 Maecenas
1612 1923 1825 2007 docte,
1870 1922 2132 1989 Cratino

590 2010 786 2078 Nulla
825 2010 1073 2095 placere
1117 2007 1225 2073 diu
1265 2029 1388 2074 nec
1429 2008 1639 2074 vivere
1682 2007 1963 2073 carmina
2002 2009 2302 2092 possunt,

592 2095 768 2170 Quae
812 2094 1173 2160 scribuntur
1214 2113 1412 2176 aquae
1454 2092 1804 2176 potoribus.
1862 2090 1957 2157 Vt
1986 2092 2155 2156 male
2199 2109 2375 2156 sanos

592 2179 822 2243 Adscri
869 2177 953 2243 sit
993 2177 1185 2241 Liber
1228 2175 1470 2260 Satyris
1512 2175 1872 2260 Faamisque
1916 2177 2137 2258 poetas
2150 2224 2170 2259 ‚

529 2275 561 2325 5
590 2262 763 2327 Vina
834 2282 935 2326 ere
979 2260 1193 2326 dulces
1236 2260 1533 2330 oluerunt
1573 2280 1759 2324 mane
1803 2259 2141 2326 Camenae.

593 2346 910 2411 Laudibus
953 2346 1243 2430 arguitur
1283 2343 1419 2409 vini
1461 2344 1722 2408 vinosus
1764 2343 2112 2428 Homerus3

591 2429 840 2495 Ennius
882 2429 1020 2512 ipse
1061 2431 1242 2512 pater
1281 2448 1627 2511 numquam
1668 2427 1795 2492 nisi
1848 2430 2037 2510 potus
2093 2426 2174 2490 ad
2215 2443 2377 2490 arma

593 2513 898 2578 Prosiluit
939 2511 1220 2577 dicenda.
1311 2511 1569 2576 ‘Forum
1608 2511 1944 2595 putealque
1986 2510 2247 2575 Libonis

594 2597 909 2662 Mandabo
955 2597 1136 2661 sicci-s
1148 2645 1167 2679 ,
1214 2595 1490 2659 adimam
1533 2597 1786 2660 cantare
1831 2595 2064 2659 severis
2077 2603 2118 2658 :'

500 2694 564 2742 10
596 2681 739 2746 Hoc
783 2680 972 2745 simul
1015 2679 1211 2763 edixi,
1252 2699 1389 2743 non
1432 2699 1753 2744 cessavere
1843 2680 2022 2743 oetae

594 2764 659 2829 N
661 2767 926 2829 octurno
973 2766 1211 2827 certare
1252 2783 1428 2827 mero
1440 2811 1459 2847 ,
1503 2765 1724 2846 putere
1816 2763 2013 2826 ‘urn0.

596 2848 808 2923 Quid?
855 2847 1051 2930 siquis
1094 2847 1273 2911 voltu
1313 2849 1496 2911 torvo
1539 2847 1711 2913 ferus
1755 2849 1821 2910 et
1907 2846 2021 2910 ede
2062 2845 2230 2911 nudo
2262 2908 2269 2914 ,

596 2930 1006 3016 Exiguaeque
1048 2934 1238 3015 togae
1283 2931 1538 2995 simulet
1577 2933 1822 2995 textore
1922 2932 2207 3012 atonem,

594 3014 995 3080 virtutemne
1036 3016 1470 3098 repraesentet
1509 3035 1844 3097 moresque
1887 3013 2195 3080 Catonis?

501 3112 562 3161 15
599 3098 799 3182 Rupit
838 3098 1146 3163 Iarbitam
1188 3098 1552 3183 Timagenis
1599 3097 1845 3163 aemula
1886 3098 2133 3182 lingua,

595 3182 765 3247 Dum
809 3182 1021 3247 studet
1059 3182 1338 3248 urbanus
1379 3181 1707 3265 tenditque
1751 3182 2020 3246 disertus
2063 3179 2293 3245 haberi.

597 3264 853 3349 Decipit
896 3267 1215 3351 exemplar
1256 3266 1429 3330 vitiis
1472 3266 1809 3330 imitabile:
1856 3265 2025 3349 quod
2069 3266 2124 3329 si

596 3350 910 3414 Pallerem
954 3371 1133 3434 casu,
1177 3349 1470 3414 biberent
1513 3370 1830 3434 exsangue
1875 3349 2212 3414 cuminum.

598 3432 652 3497 Ο
696 3434 1078 3519 imitatores,
1124 3455 1374 3498 servum
1416 3455 1638 3517 pecus,
1681 3436 1754 3498 ut
1794 3432 1955 3498 mihi
1999 3454 2183 3516 saepe

496 3529 563 3578 20
596 3516 834 3600 Bilem‚
880 3537 1068 3602 saepe
1111 3519 1320 3583 iocum
1361 3518 1556 3583 vestri
1597 3538 1850 3584 movere
1892 3517 2223 3584 tumultus!
