2588 4046
193 270 342 343 1111.]
1005 270 1219 325 LIBER
1261 270 1306 327 1.
2004 265 2123 330 139

2204 365 2243 398 O

194 433 302 498 Sic
344 435 599 497 teneros
642 432 891 497 animos
933 432 1141 497 aliena
1184 433 1526 518 opprobria
1568 455 1753 519 saepe

194 517 580 582 Absterrent
620 516 811 581 vitiis.
897 515 999 581 Ex
1040 517 1164 582 hoc
1209 538 1331 603 ego
1376 539 1566 582 sanus
1610 519 1691 583 ab
1733 515 1894 601 illis,

190 599 552 666 Perniciem
583 620 1012 697 quaecumque
1039 601 1282 685 ferunt,
1314 602 1736 667 mediocribus
1765 605 1830 667 et
1858 601 1998 686 quis
2026 614 2123 663 130

190 684 505 771 Ignoscas
549 684 723 748 vitiis
766 688 1017 769 teneor3
1063 685 1355 751 fortassis
1399 688 1465 751 et
1506 686 1700 751 istinc

190 768 488 853 Largiter
531 768 865 833 abstulerit
906 769 1104 853 longa
1146 772 1321 835 aetas
1337 818 1357 853 ,
1401 769 1565 835 liber
1607 770 1847 835 amicus
1860 818 1879 852 ,

83 913 86 914 γ
191 852 552 919 Consilium
596 853 955 935 proprium:
998 874 1205 937 neque
1248 854 1450 937 enim,
1494 874 1640 919 cum
1683 854 1954 920 lectulus

1410 940 1522 1002 aut
1561 958 1665 1003 me

189 1020 489 1086 Porticus
534 1020 809 1104 excepit,
854 1020 1076 1085 desum
1118 1020 1297 1086 mihi.
1384 1021 1664 1087 ‘Rectius
1707 1022 1831 1087 hoc
1873 1024 1987 1086 est.

190 1104 337 1169 Hoc
379 1104 622 1169 faciens
665 1105 875 1169 vivam
915 1104 1160 1170 melius.
1236 1103 1343 1170 Sic
1387 1105 1589 1171 dulcis
1633 1106 1852 1171 amicis
2026 1118 2121 1168 135

194 1188 561 1253 Occurram.
618 1187 762 1253 Hoc
827 1188 1042 1253 uidam
1062 1209 1196 1254 non
1215 1188 1412 1255 belle:
1441 1191 1750 1273 numquid
1773 1211 1893 1275 ego
1915 1189 2013 1254 illi

193 1271 555 1358 Inprudens
599 1272 753 1337 olim
823 1273 1027 1338 aciam
1070 1272 1350 1339 simile‘P’
1396 1321 1414 1339 .
1446 1321 1460 1339 .
1495 1323 1510 1339 .
1555 1273 1732 1339 Haec
1775 1294 1896 1359 ego

1408 1379 1659 1424 mecum

192 1441 336 1508 Con
381 1440 575 1505 ressis
618 1441 794 1539 agito
839 1441 1064 1526 labris3
1104 1441 1216 1507 ubi
1260 1442 1413 1525 quid
1456 1442 1642 1507 datur
1683 1443 1806 1527 oti,

194 1525 341 1590 Inlu
387 1546 425 1589 o
469 1524 727 1590 chartis.
812 1523 958 1590 Hoc
1002 1528 1101 1590 est
1140 1525 1565 1592 mediocribus
1609 1527 1739 1591 illis

194 1609 293 1675 Ex
337 1609 513 1673 vitiis
556 1630 784 1694 unum3
831 1609 934 1674 cui
976 1609 1031 1674 si
1075 1609 1421 1675 concedere
1463 1611 1661 1694 nolis,
2023 1622 2121 1672 140

195 1693 403 1764 Multa
444 1695 779 1776 poetarum
823 1693 1037 1758 veniet
1077 1715 1333 1778 manus,
1378 1694 1615 1759 auxilio
1660 1716 1819 1778 quae

196 1777 294 1843 Sit
333 1776 528 1841 mihi:
570 1798 724 1841 nam
765 1778 968 1842 multo
1012 1778 1226 1861 plures
1270 1799 1519 1863 sumus,
1563 1799 1638 1843 ac
1680 1778 1879 1844 veluti
1910 1783 1975 1843 te

196 1861 413 1926 ludaei
457 1881 757 1946 cogemus
801 1862 872 1926 in
911 1862 1078 1927 hanc
1121 1862 1469 1928 concedere
1510 1862 1783 1927 turbam.

1105 2150 1194 2227 V.

197 2284 547 2370 Egressum
587 2305 823 2380 magna
863 2305 967 2349 me
1008 2284 1258 2367 excepit
1300 2286 1518 2351 Aricia
1558 2286 1764 2352 Roma

198 2368 498 2453 Hospitio
542 2368 826 2451 mod100,
868 2368 1085 2433 rhetor
1129 2388 1341 2434 comes
1385 2369 1801 2451 Heliodorus,

200 2452 585 2517 Graecorum
626 2453 820 2549 longe
864 2451 1298 2537 doctissimus3
1342 2453 1491 2518 inde
1524 2452 1762 2518 Forum
1790 2453 1994 2539 Appi,

198 2535 538 2601 Differtum
577 2540 791 2601 nautls
835 2536 1228 2620 cauponibus
1271 2540 1460 2620 atque
1500 2537 1818 2622 malignis.

198 2620 337 2685 Hoc
381 2621 506 2686 iter
546 2620 764 2706 ignavi
807 2620 1166 2704 divisimus,
1211 2621 1401 2685 altius
1446 2642 1521 2686 ac
1561 2641 1682 2685 nos
2088 2633 2121 2681 5

198 2704 585 2769 Praecinctis
626 2726 854 2770 unum:
897 2704 1110 2769 minus
1145 2707 1243 2769 est
1283 2705 1498 2789 gravis
1527 2704 1742 2801 Appia
1781 2703 1997 2768 tardis.

198 2788 322 2853 Hic
350 2810 473 2873 ego
502 2791 764 2873 propter
783 2810 1034 2873 aquam,
1062 2788 1233 2872 quod
1256 2792 1393 2854 erat
1419 2789 1776 2871 deterrima,
1805 2787 2012 2852 ventri

198 2868 419 2938 Indico
463 2873 733 2957 bellum,
779 2876 1078 2938 cenantes
1121 2871 1291 2937 haud
1335 2874 1546 2937 animo
1591 2893 1791 2956 aequo

199 2956 328 3021 Exs
376 2959 596 3021 ectans
640 2957 922 3022 comites.
1009 2955 1150 3021 Iam
1191 2978 1321 3022 nox
1362 2957 1662 3023 inducere
1702 2956 1891 3021 terris

200 3039 323 3105 Vm
368 3063 474 3105 ras
517 3045 583 3105 et
623 3042 801 3105 caelo
845 3040 1195 3106 diffundere
1235 3041 1423 3125 signa
1461 3041 1756 3125 parabat;
2065 3053 2126 3101 10

201 3124 361 3190 Tum
404 3125 586 3208 pueri
626 3125 868 3208 nautis,
899 3124 1113 3208 pueris
1156 3125 1436 3189 convitia
1476 3129 1709 3190 nautae

201 3208 531 3294 Ingerere:
577 3208 724 3274 ‘huc
768 3208 1046 3294 appelle3
1090 3212 1411 3274 trecentos
1451 3209 1707 3292 inseris3
1751 3207 1873 3273 ohe

202 3291 335 3358 Iam
358 3293 515 3358 satis
538 3295 680 3357 est.’
724 3292 896 3358 Dum
918 3313 1024 3359 aes
1046 3293 1341 3390 exigitur,
1372 3293 1524 3358 dum
1545 3293 1719 3360 mula
1740 3292 1995 3376 ligatur,

203 3375 362 3441 Tota
406 3377 542 3442 abit
580 3375 758 3442 hora.
844 3377 1001 3442 Mali
1044 3378 1278 3443 cuhces
1320 3399 1637 3462 ranaeque
1684 3376 1998 3459 palustres

204 3462 520 3526 Avertunt
560 3481 838 3527 somnos.
875 3461 1225 3527 Absentem
1267 3464 1341 3526 ut
1382 3464 1601 3528 cantat
1641 3458 1909 3527 amicam
2063 3470 2124 3519 ιδ

205 3542 408 3610 Multa
443 3546 736 3629 prolutus
776 3567 984 3631 vappa
1024 3548 1220 3613 nauta
1261 3548 1451 3630 atque
1490 3546 1698 3612 viator
