2588 4046
270 247 420 321 m]
1134 248 1366 307 LIBER.
2091 243 2208 309 117

272 581 448 659 Quid
491 580 614 645 tibi
655 579 782 663 vis,
826 579 1054 644 mulier
1093 579 1298 665 nigris
1343 579 1720 665 dignissima
1762 581 2010 646 barris?

364 666 632 730 Munera
673 684 784 729 cur
824 663 983 729 mihi
1026 664 1255 748 quidve
1299 664 1568 729 tabellas

270 750 517 832 Mittis,
560 768 682 813 nec
724 749 906 813 firmo
950 748 1164 814 iuveni
1205 769 1326 813 nec
1367 749 1541 813 naris
1586 748 1860 813 obesae?

364 833 429 899 N
432 853 660 916 amque
705 832 994 917 sagacius
1044 853 1209 897 unus
1253 831 1517 916 odoror,

270 918 397 983 Pol
484 939 560 981 us
604 938 690 981 an
730 917 942 1013 gravis
983 916 1247 981 hirsutis
1292 916 1481 982 cubet
1521 916 1735 982 hircus
1778 917 1848 981 in
1890 918 2037 1002 alis,
2175 929 2208 981 5

366 939 572 1078 §It-fam
616 1021 792 1065 cams
835 1021 980 1065 acer
1019 1000 1131 1065 ubi
1172 1000 1373 1065 lateat
1412 1022 1536 1065 sus.

273 1086 405 1162 Qui
448 1085 641 1150 sudor
681 1085 867 1150 vietis
911 1086 977 1149 et
1018 1106 1209 1168 quam
1249 1085 1456 1149 malus
1503 1084 1782 1168 undique
1824 1086 2124 1151 membris

367 1168 614 1236 Crescit
657 1168 843 1252 odor,
892 1188 1034 1233 cum
1077 1190 1241 1252 pene
1284 1169 1494 1234 soluto

272 1254 669 1319 Indomitam
710 1255 1011 1337 properat
1049 1252 1294 1318 rabiem
1338 1252 1585 1338 sedare,
1629 1274 1834 1337 neque
1877 1253 1976 1319 illi

366 1337 506 1402 Iam
548 1339 766 1403 manet
807 1337 1023 1402 umida
1065 1340 1239 1402 creta
1282 1337 1583 1420 colorque
2150 1351 2212 1401 ιο

273 1423 572 1489 Stercore
616 1421 865 1486 fucatus
910 1421 1243 1505 crocodili,
1291 1421 1542 1505 iamque
1585 1422 1874 1488 subando

366 1505 573 1571 'Penta
614 1504 850 1571 cubilia
890 1507 1183 1589 tectaque
1225 1506 1498 1590 rumpit·-

273 1590 405 1656 vel
445 1611 590 1655 mea
632 1611 776 1655 cum
819 1590 1023 1654 saevis
1067 1590 1271 1675 agitat
1313 1556 1571 1654 fastidia
1612 1591 1855 1656 verbis:

366 1673 652 1739 ‘Inachia
693 1674 959 1759 langues
1003 1673 1214 1738 minus
1257 1694 1333 1739 ac
1375 1695 1506 1758 me;

272 1759 610 1825 Inachiam
650 1760 749 1823 ter
790 1760 980 1824 nocte
1023 1760 1236 1842 potes,
1279 1756 1441 1822 mihi
1483 1779 1733 1844 semper
1774 1757 1856 1823 ad
1902 1780 2096 1825 unum
2148 1772 2208 1822 15

367 1842 584 1907 Mollis
628 1863 808 1926 opus.
895 1842 1122 1907 Pereat
1164 1843 1360 1926 male,
1406 1863 1566 1927 quae
1609 1844 1674 1907 te

272 1927 513 1994 Lesbia
555 1926 882 2011 quaerenti
922 1929 1177 1992 taurum
1219 1927 1603 1991 monstravit
1643 1926 1942 2011 inertem,

368 2011 532 2078 Cum
574 2010 733 2076 mihi
778 2009 947 2077 Cous
993 2011 1242 2077 adesset
1282 2012 1633 2096 Amyntas,

273 2097 481 2164 Cuius
524 2097 595 2160 in
635 2095 948 2160 indomito
994 2096 1391 2162 constantior
1434 2095 1699 2182 inguine
1739 2118 2003 2182 nervus,

368 2180 573 2257 Quam
639 2202 756 2243 sua
823 2180 1093 2245 collibus
1137 2180 1326 2245 arbor
1367 2179 1675 2245 inhaeret.
2144 2194 2213 2243 zo

272 2264 631 2331 Muricibus
675 2262 883 2347 Tyriis
927 2265 1189 2330 iteratae
1232 2264 1470 2329 vellera
1511 2265 1695 2330 lanae

368 2348 489 2414 Oui
531 2348 1075 2433 properabantur‘?
1143 2349 1289 2413 Tibi
1331 2370 1594 2434 nempe,

272 2433 384 2500 Ne
427 2431 597 2497 foret
637 2433 932 2516 aequales
975 2434 1143 2498 inter
1187 2434 1485 2516 conviva,
1529 2433 1735 2519 magis
1781 2455 1968 2518 quem

367 2516 683 2602 Diligeret
724 2517 952 2582 mulier
995 2538 1109 2582 sua
1152 2538 1341 2601 quam
1383 2521 1465 2582 te.

271 2600 336 2666 Ο
382 2619 508 2685 ego
548 2619 685 2665 non
717 2600 902 2685 felix,
946 2622 1136 2687 quam
1177 2605 1251 2664 tu
1293 2601 1464 2686 fugis
1508 2604 1580 2666 ut
1622 2604 1814 2687 pavet
1855 2622 2029 2667 acres
2144 2616 2209 2664 25

366 2684 563 2770 Agna
604 2684 790 2769 lupos
838 2705 1224 2769 capreaeque
1266 2685 1531 2750 leones.’

1145 2975 1343 3051 XIII.

271 3104 563 3171 Horrida
602 3107 734 3170 tem
782 3107 951 3172 estas
992 3107 1239 3172 caelum
1283 3107 1627 3189 contraxit,
1674 3112 1740 3175 et
1780 3110 2015 3175 imbres

366 3188 690 3273 Nivesque
757 3190 1035 3256 educunt
1047 3189 1296 3277 Iovem3
1319 3212 1491 3256 nunc
1513 3213 1706 3277 mare,
1723 3214 1895 3258 nunc
1910 3193 2106 3258 siluae

277 3271 583 3338 Threicio
627 3274 949 3358 Aquilone
993 3277 1244 3340 sonant.
1319 3274 1667 3361 Rapiamus
1676 3324 1698 3361 ,
1746 3276 1977 3359 amice,

368 3355 787 3422 Occasionem
831 3358 909 3423 de
953 3357 1054 3422 die
1067 3407 1085 3442 ,
1135 3358 1409 3442 dumque
1454 3361 1661 3424 virent
1700 3380 1914 3445 genua

273 3440 370 3507 Et
412 3440 624 3523 decet,
671 3441 947 3506 obducta
991 3443 1270 3508 solvatur
1314 3444 1528 3508 fronte
1572 3447 1882 3509 senectus.
2182 3454 2213 3504 5

366 3523 463 3588 'ru
507 3525 656 3590 vina
692 3525 1015 3611 Torquato
1060 3547 1245 3592 move
1290 3528 1551 3594 consule
1593 3549 1814 3611 pressa
1856 3548 2031 3610 meo;
