2588 4046
488 1056 623 1129 DE
682 1054 1034 1128 METRIS
1088 1053 1690 1128 HORATIANIS.

1072 1351 1121 1415 Ι.

271 1501 653 1574 HexametrO,
698 1499 990 1558 Lucilium
1035 1500 1290 1571 secutus,
1338 1499 1442 1575 qui
1486 1518 1620 1558 eum
1666 1497 2042 1574 potissimum

170 1589 427 1667 adhibuit,
482 1590 640 1649 Hor.
693 1589 885 1647 utitur
935 1588 1000 1647 in
1053 1587 1275 1646 saturis
1330 1591 1393 1646 et
1447 1588 1745 1664 epistulis,
1802 1588 2044 1663 eiusque

171 1681 467 1754 exemplum
503 1684 656 1737 sunt
688 1675 906 1735 imitati
940 1676 1286 1753 posterioris
1323 1676 1609 1754 temporis
1647 1676 1872 1735 satirici
1906 1676 2046 1735 Per-

171 1766 287 1840 sius,
330 1767 597 1838 Turnus,
645 1765 960 1826 Iuvenalis.
1050 1765 1219 1823 Idem
1272 1764 1590 1839 aliquoties
1635 1764 1942 1826 invenitur
1983 1764 2048 1823 in

172 1857 478 1929 systematis
524 1853 801 1913 iambicis
849 1857 910 1913 et
952 1853 1199 1935 lyriciS„

274 1943 566 2002 Differunt
626 1944 829 2000 autem
880 1942 1200 2001 admodum
1246 1944 1587 1999 saturarum
1632 1940 2045 2016 epistularum-

171 2051 262 2106 que
297 2031 635 2093 hexametri
679 2050 717 2089 a
750 2030 1001 2108 Vergilii
1046 2034 1107 2090 et
1144 2028 1360 2102 Ovidii,
1405 2032 1474 2088 ut
1517 2034 1721 2089 tamen
1766 2030 2046 2106 epistula-

170 2138 278 2177 rum
318 2122 630 2198 aliquanto
675 2117 866 2195 magis
909 2119 1171 2179 accurati
1209 2118 1603 2195 castigatique
1641 2119 1761 2178 sint
1796 2120 2046 2181 numeri.

172 2206 359 2269 Contra
408 2209 472 2268 in
525 2207 803 2268 iambicis
849 2226 917 2267 ac
960 2208 1164 2284 lyricis
1211 2207 1420 2266 eadem
1463 2207 1589 2266 fere
1635 2225 1733 2265 ars
1780 2208 2045 2267 eaedem-

172 2315 265 2369 que
305 2295 564 2358 rationes
624 2297 801 2355 huius
855 2298 998 2356 sunt
1050 2295 1255 2370 metri,
1324 2298 1504 2371 atque
1565 2296 1724 2372 apud
1784 2296 2047 2372 reliquos

170 2384 397 2463 Augusti
440 2386 747 2463 aequales,

1059 2537 1142 2602 H.

273 2686 357 2747 De
391 2686 668 2747 metricis
703 2684 1035 2745 rationibus
1070 2684 1397 2762 lyricorum
1435 2684 1675 2745 Horatii
1721 2685 2048 2745 carminum

165 2772 263 2833 iam
295 2795 328 2834 a
359 2776 581 2853 primis
617 2774 754 2834 inde
787 2774 1156 2849 temporibus
1191 2774 1448 2833 multum
1478 2773 1825 2850 quaesivere
1853 2794 2047 2851 gram-

164 2864 339 2923 matici
380 2869 643 2936 vetereS‚
691 2863 794 2921 sed
840 2863 1053 2938 exiguo
1099 2881 1235 2921 cum
1278 2862 1497 2921 fructu.
1570 2863 1728 2922 Nam
1771 2866 1843 2922 ut
1878 2865 2048 2923 omit-

166 2951 268 3009 tam
317 2954 642 3028 suptiliora
694 2952 974 3027 pleraque
1031 2952 1179 3010 artis
1235 2951 1321 3010 eis
1375 2950 1616 3010 minime
1678 2952 1861 3011 fuisse
1915 2971 2047 3027 per-

166 3044 355 3113 specta,
391 3042 635 3101 duobus
672 3040 924 3098 maxime
961 3040 1259 3099 erroribus
1297 3039 1515 3097 mirum
1546 3040 1610 3098 in
1638 3040 1878 3099 modum
1908 3043 2048 3100 sunt

167 3129 475 3202 conflictati,
522 3129 719 3187 altero
765 3128 921 3203 quod
963 3128 1274 3187 immodice
1319 3127 1414 3186 usi
1455 3127 1757 3204 epiplocae
1795 3128 2044 3188 artificio

165 3217 223 3273 ab
270 3219 624 3277 hexametro
678 3216 968 3291 dactylico
1025 3215 1151 3275 sive
1202 3216 1476 3275 trimetro
1530 3216 1781 3277 iambico
1835 3236 2045 3277 versus

167 3301 371 3364 Horatii
414 3307 739 3381 plerosque
785 3322 987 3363 omnes
1033 3305 1388 3380 repetendos
1435 3322 1566 3363 esse
1613 3305 2043 3381 existimarunt,

167 3392 325 3454 altero
362 3394 529 3471 quod
567 3397 935 3468 systematum
970 3385 1181 3472 (vulgo
1208 3394 1474 3466 strophas
1498 3387 1868 3474 nuncupant)
1903 3412 2044 3469 qua.-

168 3482 319 3543 ternis
370 3482 658 3544 versibus
713 3481 1109 3542 constantium
1162 3483 1404 3557 praeter
1409 3482 1803 3578 'sapphicum
1855 3484 1917 3541 et
1960 3483 2042 3540 al‘
