2588 4046
176 215 343 288 xvi]
971 215 1189 276 unsa
1227 216 1274 273 1.
1980 211 2102 277 207

175 377 256 443 In
297 377 503 441 triviis
546 375 743 442 fixum
787 398 933 443 cum
977 399 1045 443 se
1088 378 1368 443 demittit
1410 378 1492 444 ob
1537 400 1773 464 assem,

176 461 326 528 Non
353 461 572 527 video:
615 483 767 526 nam
797 463 905 545 qui
935 461 1175 546 cupiet,
1205 465 1447 528 metuet
1473 484 1749 549 quoque3
1794 483 1986 547 porro
2044 477 2109 526 65

176 545 298 622 Qui
340 548 633 610 metuens
675 546 875 630 vivet,
921 547 1081 611 liber
1123 546 1283 611 mihi
1325 568 1459 612 non
1502 548 1623 613 erit
1663 568 1982 631 umquam.

173 629 460 695 Perdidit
502 651 708 714 arma,
751 630 964 695 locum
1005 631 1258 695 virtutis
1304 631 1610 715 deseruit,
1656 633 1765 716 qui

174 713 320 779 Sem
368 735 437 778 er
479 713 549 778 in
594 714 889 799 augenda
928 714 1195 779 festinat
1237 716 1305 780 et
1345 716 1634 780 obruitur
1675 737 1761 780 re.

172 797 316 863 Ven
361 819 465 862 ere
512 819 657 862 cum
698 799 910 882 possis
954 799 1308 883 captivum,
1354 799 1640 867 occidere
1682 799 1849 867 nolit

174 882 421 948 Serviet
462 881 735 947 utiliter:
782 883 920 947 sine
962 885 1186 965 pascat
1227 883 1420 948 durus
1463 887 1748 967 aretque,
2044 895 2113 947 ’το

171 966 452 1051 Naviget
494 986 568 1031 ac
609 965 838 1030 mediis
880 966 1120 1031 hiemet
1159 969 1475 1031 mercator
1516 968 1586 1032 in
1628 967 1846 1052 undis,

175 1051 495 1115 Annonae
537 1050 773 1134 prosit,
812 1053 1031 1147 portet
1071 1051 1392 1116 frumfflta
1432 1072 1634 1135 penus
1677 1072 1777 1117 ue.

173 1133 290 1198 Vir
330 1133 540 1198 bonus
585 1136 650 1198 et
692 1155 946 1217 sapiens
990 1134 1249 1199 audebit
1290 1134 1531 1201 diceret
1602 1139 1623 1172 ‘
1681 1136 1917 1202 entheu

173 1217 414 1283 Rector
458 1216 820 1283 Thebarum
836 1266 855 1302 ,
901 1218 1051 1303 quid
1092 1240 1195 1284 me
1236 1219 1516 1303 perferre
1557 1220 1815 1304 patique

176 1301 525 1388 Indignum
547 1323 738 1388 coges
750 1302 809 1366 'P’
857 1301 1178 1368 ‘Adimam
1206 1302 1423 1369 bona)
1460 1304 1733 1389 ‘Nempe
1759 1326 1985 1390 pecus,
2045 1319 2110 1368 '1⁶

1380 1409 1515 1454 rem

171 1469 436 1554 Lectos,
483 1472 849 1556 argentum:
893 1471 1083 1535 tollas
1126 1471 1319 1537 licet’.
1465 1438 1569 1537 ‘In
1609 1472 1877 1538 manicis
1921 1476 1986 1539 et

173 1552 609 1638 Compedibus
653 1574 843 1619 saevo
883 1556 949 1619 te
993 1555 1112 1621 sub
1156 1555 1418 1621 custode
1459 1557 1738 1622 tenebo!

173 1637 226 1702 ‘I
272 1660 340 1704 se
384 1637 540 1703 deus
556 1688 574 1718 ,
619 1639 1001 1723 simulatque
1029 1639 1271 1719 volam,
1317 1661 1420 1705 me
1448 1640 1686 1705 solvet-²
1708 1640 1983 1725 opinor,

241 1744 318 1788 oc
367 1723 565 1788 sentit
607 1723 912 1792 ‘morian'
993 1723 1170 1788 Mors
1212 1724 1439 1788 ultima
1481 1725 1653 1789 linea
1692 1728 1983 1790 rerumst.

1016 2013 1244 2091 XVH.

171 2144 504 2228 Quamvis,
538 2144 806 2229 Scaeva,
852 2145 1006 2211 satis
1035 2167 1149 2230 per
1177 2148 1243 2211 te
1271 2146 1393 2211 tibi
1421 2147 1705 2225 consulis
1732 2149 1798 2213 et
1824 2148 1982 2232 scis,

171 2228 310 2306 Quo
355 2230 619 2294 tandem
706 2233 849 2296 acto
896 2229 1115 2295 deceat
1156 2230 1505 2297 maioribus
1546 2232 1669 2297 uti·

169 2312 392 2396 Disce,
425 2313 628 2378 docen
671 2335 745 2377 us
776 2313 982 2379 adhuc
1012 2335 1173 2398 quae
1203 2317 1421 2380 censet
1447 2282 1754 2381 amicuius
1768 2365 1788 2400 ‚
1826 2318 1899 2381 ut
1927 2317 1982 2380 si

171 2396 416 2463 Caecus
445 2397 569 2462 iter
596 2401 953 2463 monstrare
981 2398 1166 2483 velit3
1210 2402 1428 2463 tamen
1456 2400 1739 2485 adspice,
1775 2399 1982 2483 siquid

168 2480 257 2546 Et
299 2502 452 2565 nos,
498 2481 665 2565 quod
710 2502 890 2547 cures
933 2482 1261 2567 proprium
1306 2483 1564 2567 fecisse,
1608 2483 1673 2548 lo
1717 2504 1959 2547 uamur.
2076 2495 2109 2545 ὅ

171 2565 239 2630 Si
283 2570 348 2629 te
392 2568 576 2650 grata
619 2565 796 2649 quies
841 2571 906 2630 et
944 2566 1218 2649 primam
1263 2587 1526 2631 somnus
1568 2568 1637 2631 in
1727 2587 1904 2632 oram

168 2648 495 2732 Delectat,
541 2649 597 2713 si
637 2652 704 2714 te
746 2649 954 2733 pulvis
998 2651 1426 2748 strepitusque
1467 2653 1779 2734 rotarum,

167 2732 239 2798 Si
284 2732 484 2797 laedit
526 2754 646 2798 cau
689 2755 814 2798 ona
886 2732 1300 2799 Ferentmum
1343 2735 1437 2799 ire
1480 2734 1742 2800 iubebo:

166 2816 341 2882 Nam
384 2837 594 2900 neque
686 2782 939 2882 ‘vitibus
985 2818 1371 2903 contingunt
1411 2817 1645 2904 gaudia
1688 2818 1870 2902 solis,

166 2900 309 2966 Nec
352 2901 514 2965 vixit
556 2902 757 2986 male,
803 2902 911 2985 qui
952 2905 1141 2966 natus
1183 2904 1588 2986 moriensque
1630 2902 1877 2967 fefellit.
2046 2913 2113 2963 10

170 2984 239 3049 Si
287 2984 591 3070 prodesse
633 2985 764 3050 tuis
808 2986 1026 3071 paullo
1070 3006 1152 3050 ue
1193 2985 1535 3071 benignius
1577 2987 1787 3071 ipsum

166 3067 260 3134 Te
304 3071 583 3134 tractare
626 3070 833 3153 voles,
1071 3090 1139 3134 es
1184 3070 1389 3135 siccus
1434 3070 1513 3135 ad
1555 3073 1837 3135 unctum.

167 3151 264 3218 ‘Si
354 3154 655 3219 randeret
698 3154 837 3218 olus
881 3154 1227 3239 patienter,
1270 3154 1528 3240 regibus
1569 3155 1665 3219 uti

166 3175 399 3301 Nolsst
440 3237 854 3323 Aristippus)
943 3235 1036 3303 ‘Si
1079 3238 1268 3303 sciret
1310 3260 1379 3303 re
1431 3238 1567 3303 'bus
1610 3238 1736 3322 uti,

165 3319 522 3385 Fastidiret
564 3321 705 3386 olus
718 3371 738 3406 ‚
783 3322 892 3405 qui
933 3342 1037 3387 me
1078 3324 1304 3386 notat?
1431 3323 1594 3386 trius
1635 3321 1865 3386 horum
2049 3331 2115 3384 ιε

169 3403 391 3470 Verba
432 3404 666 3489 probes
707 3408 772 3470 et
812 3406 983 3470 facta
1025 3405 1213 3490 doce,
1257 3406 1361 3470 vel
1402 3406 1612 3470 iunior
1654 3404 1830 3489 audi,

170 3486 308 3556 Cur
349 3489 437 3555 sit
477 3490 793 3575 Aristippi
836 3489 1051 3575 potior
1095 3487 1430 3556 sententia.
1516 3488 1811 3573 Namque
