2588 4046
155 221 344 295 ΧΠ]

1007 223 1222 277 LIBER
1265 224 1307 280 1.

1054 456 1244 530 XVI.

393 588 460 653 Ο
503 590 708 651 matre
751 586 1016 670 pulchra
1057 588 1190 651 filia
1233 586 1588 671 pulchrior,

392 671 608 749 Quem
654 672 1010 736 criminosis
1056 693 1323 754 cumque
1364 673 1538 737 voles
1581 674 1837 736 modum

499 757 711 821 Pones
754 756 982 819 iambis
1061 756 1193 819 sive
1237 756 1494 819 flamma

599 839 743 905 sive
787 840 947 903 mari
989 804 1146 904 {ibet
1187 839 1537 905 Hadriano.

390 974 466 1040 N
469 996 561 1038 on
602 974 1031 1056 Dindymene,
1076 994 1210 1038 non
1253 974 1460 1057 adytis
1507 977 1711 1057 quatit

391 1059 693 1123 Mentem
736 1058 1136 1122 sacerdotum
1180 1058 1393 1123 incola
1435 1058 1732 1142 Pythius,

494 1142 652 1208 Non
694 1141 885 1206 Liber
929 1164 1156 1226 aeque,
1201 1164 1336 1206 non
1380 1147 1568 1207 acuta

603 1225 672 1291 Si
714 1227 1049 1311 geminant
1093 1226 1489 1310 Corybantes
1542 1249 1715 1311 aera,

392 1361 648 1425 Tristes
690 1364 765 1425 ut
804 1362 965 1446 irae,
1012 1382 1167 1444 quas
1210 1383 1417 1445 neque
1459 1362 1734 1427 Noricus

396 1444 706 1510 Deterret
748 1447 918 1510 ensis
962 1467 1081 1510 nec
1124 1467 1299 1509 mare
1342 1446 1529 1508 naufr
1657 1469 1722 1510 m

496 1529 638 1594 Nec
682 1551 905 1593 saevus
950 1529 1121 1614 ignis
1166 1551 1285 1594 nec
1327 1533 1574 1594 tremen
1621 1552 1658 1594 o

602 1613 890 1697 Iuppiter
933 1614 1071 1697 ipse
1114 1635 1304 1677 ruens
1346 1616 1643 1680 tumultu.

396 1748 637 1813 Fertur
677 1747 1094 1812 Prometheus
1140 1748 1369 1813 addere
1413 1750 1688 1833 principi

398 1832 593 1896 Limo
639 1835 894 1896 coactus
938 1832 1315 1915 particulam
1359 1834 1636 1916 undique

499 1915 841 1980 Desectam
885 1920 950 1980 et
991 1916 1203 1980 insani
1246 1918 1452 1981 leonis

602 2000 752 2065 Vim
795 2000 1124 2066 stomacho
1169 2001 1540 2087 adposuisse
1584 2005 1814 2066 nostro.

399 2136 551 2200 Irae
595 2135 917 2220 Thyesten
962 2137 1154 2201 exitio
1198 2137 1382 2222 gravi

406 2219 705 2285 Stravere
750 2223 813 2285 et
856 2220 1003 2284 altis
1046 2221 1308 2285 urbibus
1352 2222 1612 2286 ultimae

501 2303 747 2369 Stetere
797 2326 1023 2368 causae
1035 2354 1053 2388 ,
1100 2326 1210 2369 cur
1251 2306 1534 2388 perirent

604 2388 914 2453 Funditus
959 2389 1452 2473 inprimeretque
1495 2391 1692 2454 muris

403 2523 662 2587 Hostile
706 2526 988 2587 aratrum
1032 2524 1342 2588 exercitus
1385 2524 1687 2588 insolens,

409 2606 744 2691 Conpesce
787 2611 1097 2672 mentem:
1141 2630 1243 2673 me
1289 2629 1538 2691 quoque
1579 2608 1856 2692 pectoris

502 2690 870 2775 '1¹9me
911 2692 981 2754 in
1025 2691 1193 2755 dulei
1236 2692 1494 2756 iuventa

604 2774 842 2839 Fervor
886 2778 950 2840 et
991 2776 1060 2839 in
1104 2775 1339 2840 celeres
1385 2776 1630 2840 iambos

402 2908 589 2974 Misit
630 2909 973 2996 furentem3
1018 2932 1189 2975 nunc
1230 2931 1349 2994 ego
1391 2911 1650 2975 mitibus

401 2993 662 3060 Mutare
706 3015 938 3077 quaero
982 2995 1222 3077 tristia,
1268 2994 1418 3058 dum
1463 2995 1618 3058 mihi

500 3076 650 3141 Fias
691 3078 1031 3142 recantatis
1076 3078 1281 3142 amica

604 3160 979 3245 Opprobriis
1024 3163 1428 3246 animumque
1471 3160 1715 3227 reddas,

1007 3384 1311 3396 ῃ.-

2047 220 2126 283 15

2060 1460 2125 1508 10

2061 1931 2122 1979 15

2055 2404 2124 2454 20

2057 2925 2125 2974 25
