<?xml version="1.0" encoding="UTF-8"?>
<!DOCTYPE html PUBLIC "-//W3C//DTD XHTML 1.0 Transitional//EN"
    "http://www.w3.org/TR/xhtml1/DTD/xhtml1-transitional.dtd">
<html xmlns="http://www.w3.org/1999/xhtml" xml:lang="en" lang="en">
 <head>
  <title>
</title>
<meta http-equiv="Content-Type" content="text/html;charset=utf-8" />
  <meta name='ocr-system' content='tesseract 3.04.00' />
  <meta name='ocr-capabilities' content='ocr_page ocr_carea ocr_par ocr_line ocrx_word'/>
</head>
<body>
  <div class='ocr_page' id='page_1' title='image "./qvaleriicatulli03catugoog_0166.png"; bbox 0 0 2588 4046; ppageno 0'>
   <div class='ocr_carea' id='block_1_1' title="bbox 377 1 2588 334">
    <p class='ocr_par' dir='ltr' id='par_1_1' title="bbox 377 1 2588 334">
     <span class='ocr_line' id='line_1_1' title="bbox 377 1 2588 334; baseline 0.004 -18"><span class='ocrx_word' id='word_1_1' title='bbox 377 252 460 316; x_wconf 81' lang='lat'><strong>74</strong></span> <span class='ocrx_word' id='word_1_2' title='bbox 1134 259 1530 316; x_wconf 68' lang='lat' dir='ltr'><strong>cfflmmvu</strong></span> <span class='ocrx_word' id='word_1_3' title='bbox 2045 264 2314 334; x_wconf 76' lang='grc' dir='ltr'><strong>[ΧΧΗΠ.</strong></span> <span class='ocrx_word' id='word_1_4' title='bbox 2550 1 2588 293; x_wconf 61' lang='lat' dir='ltr'><strong>l</strong></span> 
     </span>
    </p>
   </div>
   <div class='ocr_carea' id='block_1_2' title="bbox 375 420 1863 760">
    <p class='ocr_par' dir='ltr' id='par_1_2' title="bbox 375 420 1863 760">
     <span class='ocr_line' id='line_1_2' title="bbox 375 420 1231 505; baseline 0.006 -23"><span class='ocrx_word' id='word_1_5' title='bbox 375 433 406 482; x_wconf 84' lang='lat'><strong>5</strong></span> <span class='ocrx_word' id='word_1_6' title='bbox 494 421 562 485; x_wconf 81' lang='lat' dir='ltr'><strong>Si</strong></span> <span class='ocrx_word' id='word_1_7' title='bbox 604 421 747 505; x_wconf 85' lang='lat' dir='ltr'><strong>figit</strong></span> <span class='ocrx_word' id='word_1_8' title='bbox 789 420 1231 487; x_wconf 89' lang='lat' dir='ltr'><strong>adamantinos</strong></span> 
     </span>
     <span class='ocr_line' id='line_1_3' title="bbox 572 503 1820 574; baseline 0.003 -6"><span class='ocrx_word' id='word_1_9' title='bbox 572 503 849 569; x_wconf 88' lang='lat' dir='ltr'>Summis</span> <span class='ocrx_word' id='word_1_10' title='bbox 891 505 1231 570; x_wconf 86' lang='lat' dir='ltr'><strong>verticibus</strong></span> <span class='ocrx_word' id='word_1_11' title='bbox 1276 506 1415 571; x_wconf 89' lang='lat' dir='ltr'><strong>dira</strong></span> <span class='ocrx_word' id='word_1_12' title='bbox 1456 507 1820 574; x_wconf 73' lang='lat' dir='ltr'><strong>Necessitas</strong></span> 
     </span>
     <span class='ocr_line' id='line_1_4' title="bbox 488 587 1503 675; baseline 0.002 -21"><span class='ocrx_word' id='word_1_13' title='bbox 488 587 749 673; x_wconf 63' lang='lat' dir='ltr'><strong>Claros,</strong></span> <span class='ocrx_word' id='word_1_14' title='bbox 793 611 928 653; x_wconf 91' lang='lat' dir='ltr'><strong>non</strong></span> <span class='ocrx_word' id='word_1_15' title='bbox 971 590 1255 655; x_wconf 91' lang='lat' dir='ltr'><strong>animum</strong></span> <span class='ocrx_word' id='word_1_16' title='bbox 1297 595 1503 675; x_wconf 79' lang='lat' dir='ltr'><strong>metu,</strong></span> 
     </span>
     <span class='ocr_line' id='line_1_5' title="bbox 569 672 1863 760; baseline 0.004 -24"><span class='ocrx_word' id='word_1_17' title='bbox 569 672 721 737; x_wconf 90' lang='lat' dir='ltr'><strong>Non</strong></span> <span class='ocrx_word' id='word_1_18' title='bbox 761 673 987 738; x_wconf 89' lang='lat' dir='ltr'><strong>mortis</strong></span> <span class='ocrx_word' id='word_1_19' title='bbox 1031 674 1272 758; x_wconf 83' lang='lat' dir='ltr'><strong>laqueis</strong></span> <span class='ocrx_word' id='word_1_20' title='bbox 1319 675 1612 759; x_wconf 84' lang='lat' dir='ltr'><strong>expedies</strong></span> <span class='ocrx_word' id='word_1_21' title='bbox 1658 679 1863 760; x_wconf 83' lang='lat' dir='ltr'><strong>caput.</strong></span> 
     </span>
    </p>
   </div>
   <div class='ocr_carea' id='block_1_3' title="bbox 376 839 2188 1180">
    <p class='ocr_par' dir='ltr' id='par_1_3' title="bbox 376 839 2188 1180">
     <span class='ocr_line' id='line_1_6' title="bbox 486 839 1504 926; baseline 0.002 -20"><span class='ocrx_word' id='word_1_22' title='bbox 486 839 885 924; x_wconf 64' lang='lat' dir='ltr'><strong>Campestres</strong></span> <span class='ocrx_word' id='word_1_23' title='bbox 928 842 1156 907; x_wconf 91' lang='lat' dir='ltr'><strong>melius</strong></span> <span class='ocrx_word' id='word_1_24' title='bbox 1202 841 1504 926; x_wconf 83' lang='lat' dir='ltr'><strong>Scythae,</strong></span> 
     </span>
     <span class='ocr_line' id='line_1_7' title="bbox 376 925 2188 1013; baseline 0.003 -26"><span class='ocrx_word' id='word_1_25' title='bbox 376 938 439 986; x_wconf 86' lang='lat'><strong>10</strong></span> <span class='ocrx_word' id='word_1_26' title='bbox 569 925 851 1000; x_wconf 82' lang='lat' dir='ltr'><strong>Quorum</strong></span> <span class='ocrx_word' id='word_1_27' title='bbox 892 926 1175 1010; x_wconf 88' lang='lat' dir='ltr'><strong>plaustra</strong></span> <span class='ocrx_word' id='word_1_28' title='bbox 1216 947 1414 1012; x_wconf 88' lang='lat' dir='ltr'><strong>vagas</strong></span> <span class='ocrx_word' id='word_1_29' title='bbox 1457 929 1576 992; x_wconf 87' lang='lat' dir='ltr'><strong>rite</strong></span> <span class='ocrx_word' id='word_1_30' title='bbox 1619 927 1881 992; x_wconf 89' lang='lat' dir='ltr'><strong>trahunt</strong></span> <span class='ocrx_word' id='word_1_31' title='bbox 1925 927 2188 1013; x_wconf 70' lang='lat' dir='ltr'><strong>domos,</strong></span> 
     </span>
     <span class='ocr_line' id='line_1_8' title="bbox 482 1008 1338 1096; baseline 0.001 -22"><span class='ocrx_word' id='word_1_32' title='bbox 482 1008 725 1074; x_wconf 83' lang='lat' dir='ltr'><strong>Vivunt</strong></span> <span class='ocrx_word' id='word_1_33' title='bbox 768 1012 833 1074; x_wconf 90' lang='lat' dir='ltr'><strong>et</strong></span> <span class='ocrx_word' id='word_1_34' title='bbox 872 1009 1067 1096; x_wconf 87' lang='lat' dir='ltr'><strong>rigidi</strong></span> <span class='ocrx_word' id='word_1_35' title='bbox 1111 1009 1338 1095; x_wconf 85' lang='lat' dir='ltr'><strong>Getae,</strong></span> 
     </span>
     <span class='ocr_line' id='line_1_9' title="bbox 566 1093 1690 1180; baseline 0.004 -23"><span class='ocrx_word' id='word_1_36' title='bbox 566 1093 884 1158; x_wconf 86' lang='lat' dir='ltr'><strong>Inmetata</strong></span> <span class='ocrx_word' id='word_1_37' title='bbox 926 1094 1153 1178; x_wconf 90' lang='lat' dir='ltr'><strong>quibus</strong></span> <span class='ocrx_word' id='word_1_38' title='bbox 1196 1095 1419 1180; x_wconf 80' lang='lat' dir='ltr'><strong>iugera</strong></span> <span class='ocrx_word' id='word_1_39' title='bbox 1460 1096 1690 1161; x_wconf 88' lang='lat' dir='ltr'><strong>liberas</strong></span> 
     </span>
    </p>
   </div>
   <div class='ocr_carea' id='block_1_4' title="bbox 373 1261 1822 1515">
    <p class='ocr_par' dir='ltr' id='par_1_4' title="bbox 373 1261 1822 1515">
     <span class='ocr_line' id='line_1_10' title="bbox 481 1261 1451 1348; baseline 0.002 -22"><span class='ocrx_word' id='word_1_40' title='bbox 481 1261 609 1326; x_wconf 88' lang='lat' dir='ltr'><strong>Fru</strong></span> <span class='ocrx_word' id='word_1_41' title='bbox 657 1284 723 1327; x_wconf 89' lang='lat' dir='ltr'><strong>es</strong></span> <span class='ocrx_word' id='word_1_42' title='bbox 768 1266 832 1328; x_wconf 90' lang='lat' dir='ltr'><strong>et</strong></span> <span class='ocrx_word' id='word_1_43' title='bbox 876 1262 1166 1329; x_wconf 81' lang='lat' dir='ltr'><strong>Cererem</strong></span> <span class='ocrx_word' id='word_1_44' title='bbox 1208 1263 1451 1348; x_wconf 85' lang='lat' dir='ltr'><strong>ferunt,</strong></span> 
     </span>
     <span class='ocr_line' id='line_1_11' title="bbox 632 1348 1822 1434; baseline 0.003 -24"><span class='ocrx_word' id='word_1_45' title='bbox 632 1368 702 1411; x_wconf 89' lang='lat' dir='ltr'><strong>ec</strong></span> <span class='ocrx_word' id='word_1_46' title='bbox 745 1348 992 1412; x_wconf 84' lang='lat' dir='ltr'><strong>cultura</strong></span> <span class='ocrx_word' id='word_1_47' title='bbox 1077 1348 1243 1413; x_wconf 87' lang='lat' dir='ltr'><strong>lacet</strong></span> <span class='ocrx_word' id='word_1_48' title='bbox 1284 1348 1538 1434; x_wconf 85' lang='lat' dir='ltr'><strong>longior</strong></span> <span class='ocrx_word' id='word_1_49' title='bbox 1583 1371 1822 1434; x_wconf 85' lang='lat' dir='ltr'><strong>annua,</strong></span> 
     </span>
     <span class='ocr_line' id='line_1_12' title="bbox 373 1429 1358 1515; baseline 0.005 -24"><span class='ocrx_word' id='word_1_50' title='bbox 373 1441 434 1491; x_wconf 84' lang='lat'><strong>15</strong></span> <span class='ocrx_word' id='word_1_51' title='bbox 483 1429 993 1515; x_wconf 75' lang='lat' dir='ltr'><strong>Defunctumque</strong></span> <span class='ocrx_word' id='word_1_52' title='bbox 1062 1432 1358 1496; x_wconf 89' lang='lat' dir='ltr'><strong>aboribus</strong></span> 
     </span>
    </p>
   </div>
   <div class='ocr_carea' id='block_1_5' title="bbox 563 1516 1671 1599">
    <p class='ocr_par' dir='ltr' id='par_1_5' title="bbox 563 1516 1671 1599">
     <span class='ocr_line' id='line_1_13' title="bbox 563 1516 1671 1599; baseline 0.004 -21"><span class='ocrx_word' id='word_1_53' title='bbox 563 1516 837 1599; x_wconf 75' lang='lat' dir='ltr'><strong>Aequali</strong></span> <span class='ocrx_word' id='word_1_54' title='bbox 878 1518 1121 1581; x_wconf 87' lang='lat' dir='ltr'><strong>recreat</strong></span> <span class='ocrx_word' id='word_1_55' title='bbox 1164 1519 1334 1582; x_wconf 89' lang='lat' dir='ltr'><strong>sorte</strong></span> <span class='ocrx_word' id='word_1_56' title='bbox 1376 1517 1671 1583; x_wconf 79' lang='lat' dir='ltr'><strong>vicarius,</strong></span> 
     </span>
    </p>
   </div>
   <div class='ocr_carea' id='block_1_6' title="bbox 366 1665 1884 2004">
    <p class='ocr_par' dir='ltr' id='par_1_6' title="bbox 366 1665 1884 2004">
     <span class='ocr_line' id='line_1_14' title="bbox 480 1665 1274 1733; baseline 0.003 -3"><span class='ocrx_word' id='word_1_57' title='bbox 480 1665 622 1731; x_wconf 90' lang='lat' dir='ltr'><strong>Illic</strong></span> <span class='ocrx_word' id='word_1_58' title='bbox 664 1669 869 1732; x_wconf 81' lang='lat' dir='ltr'><strong>matre</strong></span> <span class='ocrx_word' id='word_1_59' title='bbox 913 1669 1274 1733; x_wconf 74' lang='lat' dir='ltr'><strong>carentibus</strong></span> 
     </span>
     <span class='ocr_line' id='line_1_15' title="bbox 561 1750 1884 1838; baseline 0.004 -24"><span class='ocrx_word' id='word_1_60' title='bbox 561 1750 881 1836; x_wconf 84' lang='lat' dir='ltr'><strong>Privignis</strong></span> <span class='ocrx_word' id='word_1_61' title='bbox 923 1753 1151 1817; x_wconf 90' lang='lat' dir='ltr'><strong>mulier</strong></span> <span class='ocrx_word' id='word_1_62' title='bbox 1190 1755 1504 1837; x_wconf 72' lang='lat' dir='ltr'><strong>temperat</strong></span> <span class='ocrx_word' id='word_1_63' title='bbox 1545 1754 1884 1838; x_wconf 72' lang='lat' dir='ltr'><strong>inuocem,</strong></span> 
     </span>
     <span class='ocr_line' id='line_1_16' title="bbox 478 1834 1337 1922; baseline 0.002 -23"><span class='ocrx_word' id='word_1_64' title='bbox 478 1834 615 1900; x_wconf 87' lang='lat' dir='ltr'><strong>Nec</strong></span> <span class='ocrx_word' id='word_1_65' title='bbox 660 1834 878 1900; x_wconf 87' lang='lat' dir='ltr'><strong>dotata</strong></span> <span class='ocrx_word' id='word_1_66' title='bbox 919 1837 1087 1922; x_wconf 86' lang='lat' dir='ltr'><strong>regit</strong></span> <span class='ocrx_word' id='word_1_67' title='bbox 1129 1837 1337 1901; x_wconf 86' lang='lat' dir='ltr'><strong>virum</strong></span> 
     </span>
     <span class='ocr_line' id='line_1_17' title="bbox 366 1917 1808 2004; baseline 0.006 -25"><span class='ocrx_word' id='word_1_68' title='bbox 366 1930 432 1979; x_wconf 79' lang='lat'><strong>20</strong></span> <span class='ocrx_word' id='word_1_69' title='bbox 566 1917 861 1984; x_wconf 81' lang='lat' dir='ltr'><strong>Coniunx</strong></span> <span class='ocrx_word' id='word_1_70' title='bbox 902 1941 1023 1985; x_wconf 87' lang='lat' dir='ltr'><strong>nec</strong></span> <span class='ocrx_word' id='word_1_71' title='bbox 1063 1920 1266 1985; x_wconf 86' lang='lat' dir='ltr'><strong>nitido</strong></span> <span class='ocrx_word' id='word_1_72' title='bbox 1312 1921 1452 1985; x_wconf 90' lang='lat' dir='ltr'><strong>fidit</strong></span> <span class='ocrx_word' id='word_1_73' title='bbox 1494 1921 1808 2004; x_wconf 88' lang='lat' dir='ltr'><strong>adultero;</strong></span> 
     </span>
    </p>
   </div>
   <div class='ocr_carea' id='block_1_7' title="bbox 478 2070 1690 2325">
    <p class='ocr_par' dir='ltr' id='par_1_7' title="bbox 478 2070 1690 2325">
     <span class='ocr_line' id='line_1_18' title="bbox 478 2070 1433 2158; baseline 0.002 -23"><span class='ocrx_word' id='word_1_74' title='bbox 478 2070 613 2136; x_wconf 92' lang='lat' dir='ltr'><strong>Dos</strong></span> <span class='ocrx_word' id='word_1_75' title='bbox 657 2074 754 2137; x_wconf 90' lang='lat' dir='ltr'><strong>est</strong></span> <span class='ocrx_word' id='word_1_76' title='bbox 795 2094 1031 2158; x_wconf 84' lang='lat' dir='ltr'><strong>magna</strong></span> <span class='ocrx_word' id='word_1_77' title='bbox 1072 2074 1433 2157; x_wconf 84' lang='lat' dir='ltr'><strong>parentium</strong></span> 
     </span>
     <span class='ocr_line' id='line_1_19' title="bbox 560 2154 1690 2223; baseline 0.002 -3"><span class='ocrx_word' id='word_1_78' title='bbox 560 2154 782 2221; x_wconf 88' lang='lat' dir='ltr'><strong>Virtus</strong></span> <span class='ocrx_word' id='word_1_79' title='bbox 828 2160 891 2222; x_wconf 88' lang='lat' dir='ltr'><strong>et</strong></span> <span class='ocrx_word' id='word_1_80' title='bbox 931 2160 1221 2223; x_wconf 88' lang='lat' dir='ltr'><strong>metuens</strong></span> <span class='ocrx_word' id='word_1_81' title='bbox 1266 2158 1526 2222; x_wconf 86' lang='lat' dir='ltr'><strong>alterius</strong></span> <span class='ocrx_word' id='word_1_82' title='bbox 1569 2158 1690 2222; x_wconf 84' lang='lat' dir='ltr'><strong>viri</strong></span> 
     </span>
     <span class='ocr_line' id='line_1_20' title="bbox 480 2239 1304 2325; baseline 0 -20"><span class='ocrx_word' id='word_1_83' title='bbox 480 2239 670 2305; x_wconf 88' lang='lat' dir='ltr'><strong>Certo</strong></span> <span class='ocrx_word' id='word_1_84' title='bbox 714 2240 967 2305; x_wconf 87' lang='lat' dir='ltr'><strong>foedere</strong></span> <span class='ocrx_word' id='word_1_85' title='bbox 1014 2243 1304 2325; x_wconf 86' lang='lat' dir='ltr'><strong>castitas,</strong></span> 
     </span>
    </p>
   </div>
   <div class='ocr_carea' id='block_1_8' title="bbox 497 2323 1931 2410">
    <p class='ocr_par' dir='ltr' id='par_1_8' title="bbox 497 2323 1931 2410">
     <span class='ocr_line' id='line_1_21' title="bbox 497 2323 1931 2410; baseline 0.003 -24"><span class='ocrx_word' id='word_1_86' title='bbox 497 2381 500 2385; x_wconf 88' lang='lat'><em>.</em></span> <span class='ocrx_word' id='word_1_87' title='bbox 560 2323 649 2388; x_wconf 77' lang='lat' dir='ltr'><strong>Et</strong></span> <span class='ocrx_word' id='word_1_88' title='bbox 688 2345 951 2407; x_wconf 89' lang='lat' dir='ltr'><strong>peccare</strong></span> <span class='ocrx_word' id='word_1_89' title='bbox 993 2326 1175 2402; x_wconf 83' lang='lat' dir='ltr'><strong>nefas</strong></span> <span class='ocrx_word' id='word_1_90' title='bbox 1220 2328 1332 2390; x_wconf 91' lang='lat' dir='ltr'><strong>aut</strong></span> <span class='ocrx_word' id='word_1_91' title='bbox 1373 2326 1710 2410; x_wconf 87' lang='lat' dir='ltr'><strong>pretiumst</strong></span> <span class='ocrx_word' id='word_1_92' title='bbox 1749 2326 1931 2391; x_wconf 90' lang='lat' dir='ltr'><strong>mori.</strong></span> 
     </span>
    </p>
   </div>
   <div class='ocr_carea' id='block_1_9' title="bbox 366 2474 1876 2813">
    <p class='ocr_par' dir='ltr' id='par_1_9' title="bbox 366 2474 1876 2813">
     <span class='ocr_line' id='line_1_22' title="bbox 366 2474 1328 2561; baseline 0.002 -22"><span class='ocrx_word' id='word_1_93' title='bbox 366 2485 429 2539; x_wconf 79' lang='lat'><strong>25</strong></span> <span class='ocrx_word' id='word_1_94' title='bbox 480 2474 534 2540; x_wconf 95' lang='grc' dir='ltr'>Ο</span> <span class='ocrx_word' id='word_1_95' title='bbox 580 2476 862 2559; x_wconf 79' lang='lat' dir='ltr'><strong>quisquis</strong></span> <span class='ocrx_word' id='word_1_96' title='bbox 906 2477 1078 2541; x_wconf 87' lang='lat' dir='ltr'><strong>volet</strong></span> <span class='ocrx_word' id='word_1_97' title='bbox 1119 2478 1328 2561; x_wconf 89' lang='lat' dir='ltr'><strong>inpias</strong></span> 
     </span>
     <span class='ocr_line' id='line_1_23' title="bbox 561 2559 1798 2646; baseline 0 -21"><span class='ocrx_word' id='word_1_98' title='bbox 561 2559 799 2625; x_wconf 83' lang='lat' dir='ltr'><strong>Caedes</strong></span> <span class='ocrx_word' id='word_1_99' title='bbox 846 2563 908 2625; x_wconf 88' lang='lat' dir='ltr'><strong>et</strong></span> <span class='ocrx_word' id='word_1_100' title='bbox 947 2561 1190 2626; x_wconf 88' lang='lat' dir='ltr'><strong>rabiem</strong></span> <span class='ocrx_word' id='word_1_101' title='bbox 1233 2562 1458 2626; x_wconf 87' lang='lat' dir='ltr'><strong>tollere</strong></span> <span class='ocrx_word' id='word_1_102' title='bbox 1503 2563 1764 2627; x_wconf 84' lang='lat' dir='ltr'><strong>civicam</strong></span> <span class='ocrx_word' id='word_1_103' title='bbox 1780 2612 1798 2646; x_wconf 87' lang='lat'><em>,</em></span> 
     </span>
     <span class='ocr_line' id='line_1_24' title="bbox 477 2642 1566 2728; baseline 0 -19"><span class='ocrx_word' id='word_1_104' title='bbox 477 2642 546 2709; x_wconf 83' lang='lat' dir='ltr'><strong>Si</strong></span> <span class='ocrx_word' id='word_1_105' title='bbox 590 2647 848 2728; x_wconf 88' lang='lat' dir='ltr'><strong>quaeret</strong></span> <span class='ocrx_word' id='word_1_106' title='bbox 890 2644 1179 2709; x_wconf 82' lang='lat' dir='ltr'><strong>PATER</strong></span> <span class='ocrx_word' id='word_1_107' title='bbox 1221 2644 1566 2711; x_wconf 86' lang='lat' dir='ltr'>VRBIVM</span> 
     </span>
     <span class='ocr_line' id='line_1_25' title="bbox 559 2726 1876 2813; baseline 0.001 -21"><span class='ocrx_word' id='word_1_108' title='bbox 559 2726 885 2793; x_wconf 86' lang='lat' dir='ltr'><strong>Subscribi</strong></span> <span class='ocrx_word' id='word_1_109' title='bbox 928 2730 1182 2813; x_wconf 88' lang='lat' dir='ltr'><strong>statuis,</strong></span> <span class='ocrx_word' id='word_1_110' title='bbox 1227 2729 1603 2794; x_wconf 85' lang='lat' dir='ltr'><strong>indomitam</strong></span> <span class='ocrx_word' id='word_1_111' title='bbox 1648 2730 1876 2795; x_wconf 85' lang='lat' dir='ltr'><strong>audeat</strong></span> 
     </span>
    </p>
   </div>
   <div class='ocr_carea' id='block_1_10' title="bbox 364 2878 2048 3218">
    <p class='ocr_par' dir='ltr' id='par_1_10' title="bbox 364 2878 2048 3218">
     <span class='ocr_line' id='line_1_26' title="bbox 472 2878 1215 2964; baseline 0.003 -21"><span class='ocrx_word' id='word_1_112' title='bbox 472 2878 820 2945; x_wconf 85' lang='lat' dir='ltr'><strong>Refrenare</strong></span> <span class='ocrx_word' id='word_1_113' title='bbox 864 2881 1215 2964; x_wconf 85' lang='lat' dir='ltr'><strong>licentiam,</strong></span> 
     </span>
     <span class='ocr_line' id='line_1_27' title="bbox 364 2962 2048 3050; baseline 0.005 -26"><span class='ocrx_word' id='word_1_114' title='bbox 364 2976 429 3025; x_wconf 84' lang='lat'><strong>30</strong></span> <span class='ocrx_word' id='word_1_115' title='bbox 562 2962 784 3029; x_wconf 89' lang='lat' dir='ltr'><strong>Clarus</strong></span> <span class='ocrx_word' id='word_1_116' title='bbox 804 2969 957 3048; x_wconf 86' lang='lat' dir='ltr'><strong>post</strong></span> <span class='ocrx_word' id='word_1_117' title='bbox 1024 2966 1246 3030; x_wconf 84' lang='lat' dir='ltr'><strong>enitis:</strong></span> <span class='ocrx_word' id='word_1_118' title='bbox 1335 2968 1632 3050; x_wconf 88' lang='lat' dir='ltr'><strong>uatenus‚</strong></span> <span class='ocrx_word' id='word_1_119' title='bbox 1677 2966 1803 3031; x_wconf 88' lang='lat' dir='ltr'><strong>heu</strong></span> <span class='ocrx_word' id='word_1_120' title='bbox 1839 2966 2048 3033; x_wconf 85' lang='lat' dir='ltr'><strong>nefas!</strong></span> 
     </span>
     <span class='ocr_line' id='line_1_28' title="bbox 472 3046 1540 3133; baseline 0.004 -22"><span class='ocrx_word' id='word_1_121' title='bbox 472 3046 794 3112; x_wconf 89' lang='lat' dir='ltr'><strong>Virtutem</strong></span> <span class='ocrx_word' id='word_1_122' title='bbox 835 3049 980 3113; x_wconf 91' lang='lat' dir='ltr'><strong>inco</strong></span> <span class='ocrx_word' id='word_1_123' title='bbox 1011 3071 1219 3114; x_wconf 90' lang='lat' dir='ltr'><strong>umem</strong></span> <span class='ocrx_word' id='word_1_124' title='bbox 1263 3070 1301 3114; x_wconf 94' lang='lat' dir='ltr'><strong>o</strong></span> <span class='ocrx_word' id='word_1_125' title='bbox 1353 3050 1366 3063; x_wconf 84' lang='lat'><strong>‘</strong></span> <span class='ocrx_word' id='word_1_126' title='bbox 1436 3072 1540 3133; x_wconf 85' lang='lat' dir='ltr'><strong>us,</strong></span> 
     </span>
     <span class='ocr_line' id='line_1_29' title="bbox 560 3130 1919 3218; baseline 0.001 -22"><span class='ocrx_word' id='word_1_127' title='bbox 560 3130 889 3197; x_wconf 86' lang='lat' dir='ltr'><strong>Sublatam</strong></span> <span class='ocrx_word' id='word_1_128' title='bbox 932 3154 1010 3197; x_wconf 85' lang='lat' dir='ltr'><strong>ex</strong></span> <span class='ocrx_word' id='word_1_129' title='bbox 1055 3134 1254 3198; x_wconf 87' lang='lat' dir='ltr'><strong>oculis</strong></span> <span class='ocrx_word' id='word_1_130' title='bbox 1300 3135 1660 3218; x_wconf 90' lang='lat' dir='ltr'><strong>quaerimus</strong></span> <span class='ocrx_word' id='word_1_131' title='bbox 1704 3132 1919 3198; x_wconf 83' lang='lat' dir='ltr'><strong>invidi.</strong></span> 
     </span>
    </p>
   </div>
   <div class='ocr_carea' id='block_1_11' title="bbox 364 3284 1880 3624">
    <p class='ocr_par' dir='ltr' id='par_1_11' title="bbox 364 3284 1880 3624">
     <span class='ocr_line' id='line_1_30' title="bbox 474 3284 1403 3369; baseline 0.002 -21"><span class='ocrx_word' id='word_1_132' title='bbox 474 3284 641 3360; x_wconf 84' lang='lat' dir='ltr'><strong>Quid</strong></span> <span class='ocrx_word' id='word_1_133' title='bbox 681 3284 899 3350; x_wconf 90' lang='lat' dir='ltr'><strong>tristes</strong></span> <span class='ocrx_word' id='word_1_134' title='bbox 945 3286 1403 3369; x_wconf 88' lang='lat' dir='ltr'><strong>querimoniae,</strong></span> 
     </span>
     <span class='ocr_line' id='line_1_31' title="bbox 558 3367 1758 3455; baseline 0.002 -22"><span class='ocrx_word' id='word_1_135' title='bbox 558 3367 627 3433; x_wconf 88' lang='lat' dir='ltr'><strong>Si</strong></span> <span class='ocrx_word' id='word_1_136' title='bbox 668 3388 801 3432; x_wconf 91' lang='lat' dir='ltr'><strong>non</strong></span> <span class='ocrx_word' id='word_1_137' title='bbox 845 3369 1155 3453; x_wconf 89' lang='lat' dir='ltr'><strong>supplicio</strong></span> <span class='ocrx_word' id='word_1_138' title='bbox 1201 3370 1390 3454; x_wconf 86' lang='lat' dir='ltr'><strong>culpa</strong></span> <span class='ocrx_word' id='word_1_139' title='bbox 1431 3370 1758 3455; x_wconf 79' lang='lat' dir='ltr'><strong>reciditur3</strong></span> 
     </span>
     <span class='ocr_line' id='line_1_32' title="bbox 364 3451 1372 3538; baseline 0.005 -24"><span class='ocrx_word' id='word_1_140' title='bbox 364 3464 426 3514; x_wconf 78' lang='lat'><strong>85</strong></span> <span class='ocrx_word' id='word_1_141' title='bbox 479 3451 645 3529; x_wconf 85' lang='lat' dir='ltr'><strong>Quid</strong></span> <span class='ocrx_word' id='word_1_142' title='bbox 689 3452 863 3538; x_wconf 85' lang='lat' dir='ltr'><strong>leges</strong></span> <span class='ocrx_word' id='word_1_143' title='bbox 909 3454 1045 3518; x_wconf 88' lang='lat' dir='ltr'><strong>sine</strong></span> <span class='ocrx_word' id='word_1_144' title='bbox 1087 3454 1372 3519; x_wconf 88' lang='lat' dir='ltr'><strong>moribus</strong></span> 
     </span>
     <span class='ocr_line' id='line_1_33' title="bbox 556 3533 1880 3624; baseline 0.001 -22"><span class='ocrx_word' id='word_1_145' title='bbox 556 3533 778 3602; x_wconf 85' lang='lat' dir='ltr'><strong>Vanae</strong></span> <span class='ocrx_word' id='word_1_146' title='bbox 821 3537 1205 3622; x_wconf 76' lang='lat' dir='ltr'><strong>proficiunt?</strong></span> <span class='ocrx_word' id='word_1_147' title='bbox 1274 3538 1329 3603; x_wconf 91' lang='lat' dir='ltr'><strong>si</strong></span> <span class='ocrx_word' id='word_1_148' title='bbox 1372 3559 1577 3624; x_wconf 87' lang='lat' dir='ltr'><strong>neque</strong></span> <span class='ocrx_word' id='word_1_149' title='bbox 1619 3537 1880 3603; x_wconf 84' lang='lat' dir='ltr'><strong>fervidis</strong></span> 
     </span>
    </p>
   </div>
  </div>
 </body>
</html>
