2588 4046
145 242 264 317 ml

856 245 1182 303 LIBERII.

307 407 443 473 Non
481 409 650 473 enim
693 429 889 506 gazae
931 429 1135 492 neque
1180 408 1531 473 consularis

309 489 632 557 Submovet
673 493 864 556 hctor
904 493 1171 558 miseros
1215 492 1524 558 tumultus

306 575 524 640 Mentis
567 579 633 641 et
675 598 857 641 curas
902 576 1192 660 laqueata
1236 577 1476 642 circum

412 659 601 725 Tecta
642 660 950 725 volantes,

305 793 539 859 Vivitur
578 816 779 880 parvo
820 795 1012 879 bene,
1057 795 1160 860 cui
1202 799 1539 879 paternum

307 877 344 942 S
384 878 592 944 lendet
633 881 706 944 in
746 884 968 944 mensa
1007 880 1186 945 tenui
1229 881 1503 946 salinum

363 984 427 1028 ec
467 964 635 1028 leves
681 984 940 1028 somnos
982 964 1177 1028 timor
1220 967 1331 1028 aut
1374 964 1602 1049 cupido

413 1047 713 1112 Sordidus
756 1047 980 1113 aufert.

309 1181 457 1256 Quid
496 1183 674 1247 brevi
716 1183 914 1247 fortes
958 1183 1306 1247 iaculamur
1348 1204 1501 1249 aevo

307 1264 535 1331 Multa?
624 1265 792 1342 Quid
834 1271 1035 1331 terras
1079 1267 1205 1332 alio
1251 1268 1529 1333 calentes

308 1347 438 1414 Sole
478 1349 839 1415 mutamus?
925 1350 1177 1416 Patariae
1221 1353 1362 1435 quis
1407 1352 1585 1418 exsul

414 1432 490 1499 Se
533 1455 785 1518 quoque
826 1433 1042 1520 fugit?

309 1565 550 1633 Scandit
590 1572 837 1634 aeratas
880 1569 1111 1635 vitiosa
1151 1591 1346 1634 naves

310 1649 459 1717 Cura
497 1675 618 1718 nec
659 1657 901 1718 turmas
946 1655 1228 1737 equitum
1270 1654 1605 1739 relinquit,

309 1734 481 1802 Ocior
523 1738 727 1803 cervis
772 1740 837 1802 et
878 1741 1108 1823 agente
1159 1738 1414 1803 nimbos

413 1821 601 1887 Ocior
643 1821 839 1886 Euro.

306 1954 517 2022 Laetus
560 1958 632 2020 in
674 1978 973 2041 praesens
1018 1957 1267 2022 animus
1313 1958 1481 2042 quod
1523 1959 1754 2025 ultrast

307 2039 511 2107 Oderit
553 2063 772 2107 curare
816 2044 881 2107 et
921 2064 1135 2107 amara
1176 2044 1352 2107 lento
1489 2075 1493 2079 ·

306 2122 625 2210 Temperet
666 2127 828 2211 risu3
872 2125 1037 2190 nihil
1080 2129 1178 2191 est
1221 2128 1302 2191 ab
1345 2129 1520 2192 omni

410 2210 597 2275 Parte
641 2210 916 2275 beatum.

310 2344 577 2409 Abstulit
621 2345 862 2409 clarum
898 2344 1024 2409 cita
1064 2367 1235 2411 mors
1280 2346 1630 2431 Achillem,

309 2425 516 2515 Longa
559 2428 910 2493 Tithonum
952 2430 1184 2493 minuis:
1227 2433 1519 2495 seneclus
1530 2480 1549 2513 ,
1683 2491 1689 2498 ,

309 2508 383 2576 Et
419 2513 578 2577 mihi
620 2513 869 2595 forsan,
912 2513 1034 2577 tibi
1078 2514 1248 2597 quod
1290 2516 1572 2600 negarit,

412 2597 707 2682 Porriget
747 2596 924 2661 hora.

309 2728 386 2795 Te
424 2753 652 2817 greges
696 2734 952 2796 centum
996 2731 1367 2816 Siculaeque
1412 2734 1646 2799 circum

311 2811 594 2900 Mugiunf.
633 2836 894 2899 vaccae,
937 2815 1057 2880 tibi
1099 2817 1273 2881 tollit
1314 2816 1635 2882 hinnitum

312 2897 466 2981 Apta
507 2900 832 2997 quadrigis
877 2921 1066 2985 equa,
1112 2905 1176 2965 te
1219 2900 1321 2965 bis
1364 2902 1525 2965 Afro

417 2982 654 3049 Murice
697 2987 935 3048 tmctae

312 3113 591 3183 Veshiunt
632 3119 845 3203 lanae;
890 3118 1049 3183 mihi
1090 3141 1286 3203 parva
1329 3141 1476 3184 rura
1519 3123 1584 3185 et

313 3196 600 3282 Spiribum
645 3202 872 3269 Graiae
916 3206 1172 3267 tenuem
1205 3202 1534 3269 ’Camenae

314 3280 493 3350 Parca
530 3308 664 3352 non
706 3286 979 3351 mendax
1020 3286 1196 3352 dedit
1238 3290 1304 3352 et
1345 3289 1694 3373 malignum

422 3368 724 3455 Spernere
766 3371 1012 3456 volguS.

1928 506 1990 555 lo

1930 980 1990 1028 15

1923 1452 1992 1501 20

1922 1974 1987 2023 25

1926 2444 1992 2495 30

1927 2916 1990 2965 35
