2588 4046
187 243 277 317 XL]
905 244 1123 300 LmER
1162 244 1287 302 1111.

325 406 506 556 §¹⁰¹¹
550 407 721 471 enim
763 405 1030 489 posthac
1073 407 1197 470 alia
1240 406 1458 472 calebo

382 492 618 576 emma)
665 491 961 555 condisce
1003 490 1257 575 modos,
1304 491 1574 555 amanda

324 574 499 640 Voce
542 595 703 658 quos
747 574 1003 639 reddas:
1048 575 1414 640 minuentur
1457 577 1630 640 atrae

410 659 710 726 Carmine
755 680 959 724 curae.

1035 882 1195 957 XII.

328 996 464 1061 Iam
508 995 674 1061 veris
719 994 1013 1079 comites,
1058 1017 1218 1078 quae
1261 1016 1434 1060 mare
1475 999 1864 1079 temperant,

326 1080 658 1164 Inpellunt
699 1079 946 1143 animae
989 1079 1186 1144 lintea
1229 1079 1564 1164 Thraciae3

327 1164 463 1229 Iam
505 1184 627 1229 nec
669 1167 851 1247 prata
890 1163 1107 1248 rigent
1178 1184 1300 1229 nec
1342 1164 1517 1229 fluvii
1561 1167 1853 1248 strepunt

408 1248 701 1313 Hiberna
739 1248 886 1312 nive
929 1247 1187 1334 turgidi.

330 1367 570 1433 Nidum
613 1366 828 1449 ponit,
871 1365 906 1430 Ι
1064 1366 1362 1430 flebiliter
1403 1386 1665 1451 gemens
1679 1414 1697 1449 ,

329 1450 564 1516 Infelix
607 1451 742 1514 avis
787 1453 851 1514 et
950 1451 1241 1533 ecropiae
1286 1450 1509 1515 domus

330 1536 682 1600 Aeternum
726 1534 1170 1618 opprobrium,
1215 1534 1386 1618 quod
1427 1534 1592 1598 male
1635 1534 1933 1598 barbaras

409 1619 728 1704 Regumst
767 1618 903 1682 ulta
942 1618 1256 1683 libidines,

330 1736 571 1802 Dicunt
611 1736 684 1799 in
723 1738 945 1799 tenero
988 1736 1278 1820 gramine
1323 1736 1659 1820 pinguium

332 1819 644 1886 Custodes
689 1819 902 1884 ovium
946 1821 1226 1885 carmina
1266 1820 1481 1884 fistula

310 1904 792 2053 Delectanffie
836 1904 1054 1987 deum,
1099 1904 1201 1969 cui
1242 1925 1436 1987 pecus
1481 1907 1545 1968 et
1584 1865 1829 1989 nigrae*

413 1988 629 2055 Colles
769 1987 982 2053 cadiae
1024 1988 1298 2073 placent.

332 2107 670 2172 Adduxere
714 2106 889 2170 sitim
930 2110 1249 2190 tempora,
1294 2106 1425 2171 Ver
1477 2107 1489 2120 “
1520 2107 1572 2190 i3

333 2191 457 2257 Sed
498 2212 788 2275 pressum
831 2190 1090 2255 Calibus
1134 2191 1362 2255 ducere
1462 2191 1700 2255 'berum

334 2276 402 2342 Si
490 2276 675 2359 estis,
720 2275 1019 2339 iuvenum
1060 2275 1375 2339 nobilium
1419 2274 1616 2339 cliens
1626 2323 1646 2358 ,

480 2359 635 2424 ardo
678 2359 827 2422 vina
868 2358 1227 2423 mereberis.

333 2477 535 2543 Nardi
577 2497 810 2560 parvus
854 2498 1025 2574 onyx
1068 2476 1278 2540 eliciet
1322 2477 1546 2541 cadum
1558 2526 1578 2561 ,

332 2561 455 2638 Qui
497 2582 670 2625 nunc
715 2560 1011 2644 Sulpiciis
1056 2560 1330 2626 adcubat
1369 2559 1645 2644 horreis,

334 2645 491 2730 Spes
537 2644 773 2708 donare
815 2666 1015 2709 novas
1058 2645 1275 2730 largus
1320 2665 1654 2728 amaraque

416 2731 729 2796 Curatum
772 2729 979 2793 eluere
1023 2727 1264 2794 efficax·

333 2848 435 2913 Ad
478 2868 641 2931 quae
687 2847 743 2911 si
784 2868 1087 2931 properas
1130 2846 1393 2931 gaudia,
1440 2868 1584 2911 cum
1625 2850 1735 2910 tua

333 2932 539 2997 Velox
582 2952 793 2996 merce
834 2932 1012 2996 veni:
1066 2952 1201 2994 non
1245 2952 1366 3016 ego
1409 2933 1475 2994 te
1517 2930 1675 3027 meis

333 3017 671 3081 Inmunem
712 3014 985 3079 meditor
1063 3014 1076 3028 ⁶
1173 3036 1276 3079 ere
1319 3014 1566 3098 pocuhs
1581 3063 1599 3096 ,

414 3101 619 3165 Plena
661 3099 835 3163 dives
879 3101 951 3163 ut
992 3099 1061 3162 in
1148 3119 1315 3164 omo·

333 3218 575 3284 Verum
619 3238 788 3301 pone
829 3237 1041 3281 moras
1085 3220 1150 3280 et
1193 3215 1473 3280 studium
1516 3216 1674 3280 lucri

337 3302 810 3388 Nigrorumque
853 3321 1124 3383 memor,
1171 3300 1323 3365 dum
1364 3301 1545 3383 licet,
1590 3300 1835 3386 ignium

336 3386 534 3451 Misce
580 3385 920 3449 stultitiam
964 3383 1247 3450 consiliis
1289 3384 1577 3450 brevem:

415 3470 685 3535 Dulcest
728 3469 1013 3555 desipere
1057 3470 1126 3533 in
1169 3469 1332 3533 loco,

277 3620 519 3668 Eoum
1756 3624 1786 3674 ‘2

2027 1832 2091 1880 10

2027 2286 2089 2335 15
