2588 4046
439 260 559 324 106
1262 262 1558 319 EPODON

560 425 839 490 Pecusve
883 423 1170 490 Calabris
1215 426 1364 489 ante
1407 424 1580 490 sidus
1624 424 1935 491 fervidum

643 509 902 574 Lucana
943 511 1146 573 mutet
1186 509 1467 606 pascuis,

558 593 699 659 Nec
740 596 814 657 ut
856 592 1113 676 superni
1154 592 1311 655 v1lla
1355 591 1631 656 candens
1674 591 1931 657 Tusculi

433 691 502 740 30
650 676 910 743 Circaea
949 678 1174 761 tangat
1214 676 1487 740 moenia.

561 760 727 827 Satis
772 780 1083 858 superque
1125 781 1227 823 me
1271 759 1635 844 benignitas
1677 761 1790 823 tua

642 843 917 908 Ditawt:
960 842 1132 907 haud
1174 863 1480 927 paravero
1494 891 1514 924 ,

560 928 743 1004 Quod
786 930 896 992 aut
939 948 1164 992 avarus
1207 929 1280 991 ut
1325 926 1628 992 Chremes
1671 930 1843 991 terra
1883 948 2205 1012 premam,

643 1010 1007 1077 Discinctus
1052 1013 1163 1076 aut
1204 1010 1467 1094 perdam
1510 1031 1731 1095 nepos.

1341 1299 1433 1372 H.

559 1431 818 1496 ‘Beatus
861 1431 969 1495 ille
1014 1428 1122 1513 qui
1162 1428 1389 1513 procul
1429 1429 1739 1512 negotiis,

642 1514 733 1580 Vt
773 1515 983 1599 prisca
1024 1533 1184 1597 gens
1228 1512 1622 1595 mortalium,

557 1598 833 1663 Paterna
873 1618 1022 1662 rura
1062 1596 1266 1662 bobus
1313 1599 1562 1661 exercet
1605 1597 1766 1680 suis,

642 1682 899 1747 Solutus
944 1681 1118 1745 omni
1160 1679 1414 1762 fenore,

429 1779 462 1827 5
559 1766 660 1832 Ne
704 1787 783 1830 ue
826 1766 1134 1830 excitatur
1167 1764 1443 1861 ’classico
1488 1764 1670 1828 miles
1713 1766 1907 1848 truci,

554 1849 1120 2017 Foruffiggehzitgt:
1151 1850 1810 2030 gsgzsserffaargfvium

637 2016 1078 2082 Potentiorum
1120 2013 1363 2081 limina.

552 2101 644 2166 Er
690 2123 727 2166 o
773 2104 883 2166 aut
925 2101 1141 2166 adulta
1181 2100 1408 2164 vitium
1449 2100 1799 2184 propagine

431 2198 495 2247 10
725 2188 825 2249 tas
867 2185 1123 2249 maritat
1162 2184 1434 2267 populos
1443 2231 1462 2266 ,

553 2269 686 2332 Aut
727 2269 795 2332 in
837 2269 1097 2334 reducta
1136 2268 1301 2331 valle
1342 2267 1763 2351 mugientium

635 2352 1010 2436 Prospectat
1052 2354 1334 2416 errantes
1383 2372 1640 2436 greges,

552 2436 894 2500 Inutilesve
938 2435 1099 2500 falce
1141 2456 1353 2499 ramos
1398 2438 1733 2518 amputans

539 2584 556 2597 ,
636 2519 976 2584 Feliciores
1021 2518 1273 2601 inserit,

429 2616 490 2665 15
553 2604 688 2667 Aut
728 2624 947 2687 pressa
986 2604 1162 2687 puris
1206 2601 1398 2667 mella
1440 2602 1656 2666 condit
1699 2602 2055 2689 amphoris,

634 2688 768 2751 Aut
809 2687 1033 2751 tondet
1073 2687 1358 2751 infirmas
1402 2707 1578 2771 oves;

550 2770 671 2835 Vel
716 2791 859 2841 cum
902 2771 1199 2835 decorum
1241 2769 1501 2833 mitibus
1543 2771 1752 2853 pomis
1799 2773 1989 2853 caput

634 2854 995 2918 Autumnus
1041 2855 1212 2939 agris
1258 2854 1514 2936 extulit,

551 2937 642 3002 Vt
681 2938 919 3023 gaudet
959 2937 1219 3003 insitiva
1262 2937 1603 3020 decerpens
1627 2936 1785 3019 *pira

423 3035 491 3084 20
639 3020 1003 3086 Certantem
1048 3025 1113 3085 et
1152 3043 1341 3086 uvam
1383 3042 1727 3104 purpurae,

550 3105 690 3181 Qua
730 3108 1095 3169 muneretur
1137 3108 1229 3188 te,
1275 3103 1534 3188 Priape,
1581 3107 1646 3168 et
1684 3107 1778 3188 te,
1820 3108 2002 3189 pater

633 3188 916 3271 Silvane,
960 3191 1134 3253 tutor
1174 3188 1415 3252 finium.

546 3271 733 3337 Libet
774 3272 976 3337 iacere
1020 3272 1210 3337 modo
1254 3272 1372 3336 sub
1417 3273 1677 3356 antiqua
1718 3272 1892 3355 ilice,

633 3356 827 3420 Modo
871 3356 941 3419 in
981 3356 1192 3421 tenaci
1242 3356 1551 3440 gramine.

423 3454 487 3501 25
546 3438 878 3503 Labuntur
919 3439 1066 3503 altis
1110 3440 1366 3503 interim
1409 3440 1564 3523 ripis
1608 3459 1835 3523 aquae,

634 3522 995 3599 Queruntur
1036 3523 1106 3586 in
1149 3523 1325 3588 silvis
1370 3545 1547 3605 aves,
