2588 4046
218 263 376 336 vu]

1032 260 1246 316 LIBER
1282 259 1351 314 11.

442 423 569 490 Sed
610 444 711 489 me
754 444 870 509 per
911 422 1128 489 hostes
1171 423 1522 489 Mercurius
1566 423 1731 489 celer

440 508 660 574 Denso
704 510 1042 593 paventem
1086 507 1347 573 sustulit
1388 528 1559 593 aere3

536 592 626 657 Te
668 613 887 658 rursus
930 591 1001 656 in
1042 591 1281 656 bellum
1323 591 1657 657 resorbens

619 675 809 741 Vnda
850 675 1030 741 fretis
1072 675 1222 741 tulit
1263 677 1591 741 aestuosis,

438 794 621 880 Ergo
667 793 1015 879 obligatam
1057 792 1247 858 redde
1290 791 1431 857 Iovi
1476 793 1730 878 dapem,

437 877 791 963 Longaque
834 878 1074 943 fessum
1113 876 1344 945 militia
1386 876 1552 942 latus

536 961 635 1027 De
685 983 806 1027 one
848 961 965 1026 sub
1008 961 1190 1026 lauru
1232 982 1375 1025 mea
1415 981 1534 1027 nee

677 1067 817 1112 arce
863 1045 1034 1111 cadis
1077 1044 1197 1110 tibi
1242 1044 1593 1110 destinatis.

439 1163 774 1229 Oblivioso
820 1162 984 1228 levia
1026 1162 1302 1228 Massico

439 1246 706 1315 Oiboria
750 1246 932 1332 exple
1008 1246 1202 1311 funde
1248 1246 1587 1331 capacibus

537 1331 599 1397 V
735 1335 884 1397 enta
926 1295 1003 1395 de
1047 1330 1328 1429 conchis.
1417 1329 1572 1406 Quis
1614 1331 1738 1396 udo

688 1436 1062 1500 eproperare
1107 1435 1251 1500 apio
1299 1435 1564 1480 coronas

438 1532 720 1601 Curatve
762 1532 1018 1617 myrto?
1107 1531 1310 1608 Quem
1352 1531 1572 1597 Venus
1617 1533 1923 1598 arbitrum

439 1616 637 1684 Dicet
677 1616 985 1682 bibendi‘i>
1072 1616 1225 1682 Non
1270 1637 1390 1702 ego
1437 1617 1650 1683 sanius

537 1700 911 1767 Bacchabor
951 1700 1228 1766 Edonis:
1272 1704 1529 1785 recepto

621 1784 824 1851 Dulce
868 1784 1028 1849 mihi
1070 1784 1345 1860 furerest
1388 1785 1611 1850 amice.

1096 2041 1289 2117 VHJ.

437 2174 596 2240 Vlla
637 2175 691 2239 si
734 2172 890 2238 iuris
933 2172 1054 2237 tibi
1095 2174 1361 2258 peierati

436 2258 689 2342 Poena,
734 2256 1058 2340 †Barine,
1102 2259 1428 2323 nocuisset
1468 2280 1801 2343 umquam,

436 2341 654 2408 Dente
697 2342 753 2406 si
796 2341 983 2426 nigro
1028 2340 1209 2440 lieres
1253 2342 1354 2407 vel
1396 2363 1525 2409 uno

538 2425 813 2510 Turpior
852 2446 1081 2511 ungui,

439 2543 802 2611 Crederem.
866 2541 992 2608 Sed
1034 2546 1105 2608 tu
1149 2544 1339 2609 simul
1383 2544 1685 2642 obligasti

436 2627 766 2694 Perfidum
809 2627 976 2692 votis
1021 2630 1238 2712 caput,
1282 2628 1581 2693 enitescis

437 2711 781 2778 Pulchrior
821 2711 1024 2776 multo
1067 2712 1489 2797 iuvenumque
1538 2712 1757 2796 prodis

537 2795 804 2861 Publica
847 2815 1014 2860 cura.

437 2912 499 2978 E
592 2911 723 2977 edit
763 2912 987 2978 matris
1031 2913 1272 2978 cineres
1319 2916 1574 2997 opertos

439 2996 496 3062 F
587 3018 690 3061 ere
735 3000 801 3061 et
841 2998 981 3062 toto
1023 2998 1342 3062 taciturna
1382 2998 1592 3063 noctis

443 3080 512 3148 S·
610 3103 648 3145 a
692 3102 835 3146 cum
881 3080 1055 3146 caelo
1099 3080 1434 3167 gelidaque
1480 3080 1659 3147 divos

610 3168 747 3230 orte
792 3166 1095 3230 carentes.

437 3281 633 3348 Ridet
673 3282 829 3367 hoc,
873 3282 1164 3366 inquam,
1207 3281 1429 3348 Venus
1472 3283 1641 3368 ipsa,
1686 3283 1897 3349 rident

444 3365 781 3452 Simplices
824 3365 1163 3450 Nymphae
1237 3366 1412 3433 ferus
1457 3370 1523 3432 et
1566 3366 1845 3452 Cupido,

442 3449 704 3536 Semper
749 3449 1045 3515 ardentes
1089 3471 1320 3516 acuens
1363 3451 1627 3537 sagittas

534 3533 692 3602 Cote
739 3538 1019 3600 cruenta.

2073 255 2152 322 37

2095 603 2156 653 15

2093 1058 2160 1107 20

2093 1544 2161 1594 25

2099 3013 2162 3062 10

2097 3465 2159 3516 18
