2588 4046
485 179 559 233 VI
984 181 1080 236 DE
1115 181 1389 237 METRIS
1426 182 1894 238 HORATIANIS.

487 331 713 390 caieum
747 334 811 390 et
845 332 1139 408 quaedam
1174 333 1550 409 asclepiadea
1583 333 1813 392 nullam
1854 333 2089 392 omnino
2126 333 2403 394 habuere

485 420 789 497 notitiam,
835 440 1016 497 quam
1049 424 1189 497 post
1222 441 1377 482 xv111
1410 422 1597 481 ferme
1632 422 1869 481 saecula
1905 422 2408 498 redintegrarunt

487 508 819 568 Meinekius
873 512 937 568 et
988 509 1422 569 Lachmannus.
1518 510 1679 569 Nam
1733 529 1843 569 nec
1900 511 2060 586 apud
2118 509 2408 572 Caesium

487 597 747 657 Bassum
799 599 1109 675 aequalem
1166 598 1449 673 Neronis,
1513 599 1609 657 cui
1669 599 1975 674 inscripsit
2035 600 2256 659 librum
2320 601 2407 662 de

488 686 713 760 metri3‚
757 686 1022 746 melioris
1068 686 1374 746 doctrinae
1419 691 1672 763 apparet
1715 688 2056 764 vestigium.

620 774 713 833 De
757 775 1097 835 auctoribus
1141 778 1485 853 metrorum,
1530 794 1679 851 quos
1724 777 1789 834 in
1828 776 2095 836 iambicis
2141 777 2205 836 et
2247 779 2408 854 lyri-

491 863 574 922 cis
612 864 899 940 adhibuit,
934 863 1064 940 ipse
1100 864 1442 939 plenissime
1478 864 1721 940 exponit
1745 865 1810 924 in
1836 865 2095 941 epistula
2130 865 2207 925 ad
2233 866 2408 928 Mae-

492 954 758 1012 cenatem
805 949 880 1031 [1‚
933 956 1032 1029 19,
1079 955 1162 1013 23
1211 950 1393 1029 sqq.]:

1228 1083 1424 1140 Parios
1462 1101 1567 1154 ego
1602 1085 1813 1155 primus
1848 1085 2066 1140 iambos

635 1155 855 1211 ostendi
890 1156 1078 1224 Latio,
1116 1172 1375 1210 numeros
1412 1155 1736 1224 animosque
1773 1159 1993 1210 secutus

632 1226 978 1295 Archilochi,
1013 1243 1128 1280 non
1162 1243 1250 1280 res
1288 1229 1349 1281 et
1381 1226 1611 1296 agentia
1643 1227 1816 1281 verba
1847 1225 2180 1295 Lycamben.

633 1314 700 1352 ac
735 1314 804 1352 ne
841 1313 930 1351 me
966 1297 1120 1352 foliis
1155 1297 1284 1352 ideo
1321 1296 1667 1352 brevioribus
1706 1312 1891 1366 orneS,

635 1369 785 1438 quod
820 1367 984 1422 timui
1019 1369 1236 1422 mutare
1271 1368 1469 1422 modos
1508 1370 1567 1422 et
1602 1368 1862 1422 carminis
1905 1370 2109 1424 artem.

631 1440 910 1508 temperat
943 1438 1267 1493 Archilochi
1301 1439 1519 1493 Musam
1553 1438 1697 1508 pede
1733 1439 1983 1492 mascula
2019 1439 2273 1510 SapphO,

632 1512 915 1580 temperat
947 1509 1212 1578 Alcaeus,
1250 1509 1350 1563 sed
1384 1510 1547 1564 rebus
1587 1511 1645 1563 et
1680 1509 1872 1564 ordine
1909 1509 2122 1590 dispar,

633 1599 737 1636 nec
775 1596 1027 1635 socerum
1062 1580 1305 1649 quaerit,
1343 1597 1510 1649 quem
1544 1578 1795 1634 versibus
1833 1579 2049 1635 oblinat
2081 1581 2243 1650 atris,

634 1669 738 1706 nec
775 1668 1010 1722 sponsae
1047 1652 1311 1719 laqueum
1344 1652 1556 1706 famoso
1595 1651 1835 1704 carmine
1871 1651 2062 1704 nectit.

633 1724 785 1777 hunc
820 1739 926 1792 ego
962 1738 1075 1776 non
1110 1722 1222 1777 alio
1259 1721 1474 1778 dictum
1508 1721 1661 1792 prius
1700 1737 1793 1776 ore
1830 1720 2059 1776 Latinus

634 1794 865 1864 volgavi
897 1793 1116 1847 fidicen.

495 1928 570 1986 In
630 1926 724 1985 his
787 1925 946 2002 quod
1005 1924 1372 2001 paenultimo
1426 1943 1607 1985 versu
1665 1925 1893 2002 legitur
1948 1927 2099 1986 hune
2158 1926 2237 1986 ad
2292 1927 2408 1988 Al-

498 2035 729 2091 caeum,
782 2034 902 2075 non
953 2013 1030 2074 ad
1080 2013 1505 2074 Archilochum
1561 2014 1861 2090 pertinere
1912 2015 2221 2076 verissime
2273 2036 2407 2079 mo-

495 2105 631 2164 nuit
672 2103 998 2164 Bentleius.
1069 2102 1392 2162 Praeterea
1430 2103 1582 2162 illud
1625 2108 1900 2178 temperat
1933 2104 2037 2162 diu
2071 2104 2409 2167 meditatus

497 2213 617 2254 non
671 2192 787 2251 alio
840 2174 967 2251 fere
1019 2190 1193 2250 modo
1248 2193 1428 2267 atque
1479 2192 1638 2250 idem
1692 2192 1923 2252 censuit
1974 2210 2150 2268 posse
2210 2194 2412 2271 accipi

498 2301 850 2358 persuasum
892 2280 1103 2352 habeO‚
1147 2282 1217 2338 ut
1262 2279 1342 2339 sit
1377 2279 1601 2339 dictum
1638 2280 1915 2340 similitei
1949 2281 2180 2357 atque
2162 2300 2227 2340 in
2262 2301 2409 2358 epo-

501 2372 592 2432 dis
619 2371 971 2443 desidemque
997 2373 1314 2441 temperare
1336 2370 1570 2442 pocula.
1632 2369 1842 2446 Itaque
1869 2370 1988 2428 hoc
2023 2369 2175 2429 dixit
2207 2370 2411 2435 Horae

499 2461 620 2520 tius
674 2458 982 2519 miscuisse
1032 2455 1289 2533 propriis
1343 2457 1729 2517 Aeolensium
1790 2458 1999 2517 metris
2053 2458 2411 2520 Archilochi

499 2549 702 2609 Ionica
743 2546 980 2624 Sappho
1026 2548 1089 2605 et
1130 2545 1436 2620 Alcaeum,
1482 2546 1555 2605 de
1600 2564 1716 2623 qua
1757 2565 1826 2605 re
1872 2548 1933 2605 et
1976 2546 2213 2605 aliunde
2258 2566 2410 2608 con-

501 2638 639 2699 stat.
702 2636 901 2711 Igitur
935 2634 1093 2712 quod
1136 2634 1294 2692 idem
1341 2637 1648 2694 asseverat
1689 2633 1962 2693 timuisse
2007 2652 2072 2693 se
2117 2636 2410 2699 carminis

500 2726 665 2785 Parii
716 2724 921 2783 modos
977 2726 1040 2782 et
1092 2723 1283 2780 artem
1328 2721 1671 2793 immutare,
1728 2722 2002 2797 equidem
2046 2722 2207 2781 haud
2254 2742 2411 2787 sane

499 2813 876 2891 urguendum
919 2829 1050 2870 esse
1094 2827 1318 2869 censeo.
1391 2810 1528 2884 Ipse
1574 2810 1791 2886 quippe
1834 2810 2037 2884 paullo
2083 2814 2223 2870 ante
2266 2811 2409 2872 imi-

500 2905 763 2963 tatorum
808 2918 1047 2959 servum
1089 2915 1299 2974 genuS,
1333 2898 1405 2955 ut
1445 2915 1557 2972 par
1601 2901 1745 2971 erat,
1791 2897 1995 2957 irrisit.

634 2988 914 3048 Ceterum
961 2987 1120 3063 quod
1162 2985 1324 3044 idem
1358 2987 1574 3045 asserit
1619 3004 1656 3045 a
1692 3004 1755 3045 se
1789 2986 2131 3047 Archilochi
2166 2987 2409 3052 iambos

499 3079 824 3138 translatos
859 3076 924 3135 in
959 3074 1216 3147 Latium,
1262 3074 1352 3132 ita
1396 3074 1863 3151 intellegendum
1899 3078 1994 3135 est
2028 3079 2099 3135 ut
2132 3076 2410 3140 dicamus

501 3186 637 3227 eum
689 3166 946 3242 primum
1001 3162 1203 3239 epodis
1266 3162 1469 3222 iuncta
1530 3164 1791 3223 carmina
1852 3164 2107 3223 iambica
2159 3169 2410 3241 aptasse

500 3258 742 3331 linguae
796 3253 1043 3329 patriae.
1142 3251 1383 3311 Etenim
1444 3255 1715 3313 cantores
1769 3253 2168 3328 Euphorionis
2177 3299 2195 3332 ,
2250 3273 2408 3330 quos

500 3345 646 3405 dicit
672 3342 922 3417 Tullius,
958 3344 1030 3400 ut
1063 3343 1211 3417 puta
1248 3339 1539 3414 Catullus,
1575 3341 1850 3414 Laevius,
1887 3341 2008 3417 alii,
2043 3342 2223 3416 longe
2257 3347 2408 3404 ante

498 3436 712 3512 ipsum,
739 3431 1169 3518 Alexandrinas
1206 3430 1585 3506 potissimum
1620 3431 1808 3489 secuti
1841 3431 2068 3505 poetas,
2094 3430 2405 3493 trimetros
