2588 4046
453 284 582 349 250
1287 287 1534 344 INDEX.

455 418 718 471 Omnibus
750 418 856 469 hoc
887 417 1136 468 vitiumst
1169 418 1214 483 1,
1248 421 1297 470 3.
1471 417 1531 468 Si
1564 433 1689 468 raro
1726 417 1918 469 scribis
1952 418 2025 482 11,
2053 421 2100 469 3.

452 487 755 550 Proscripti
787 487 951 551 Regis
986 485 1177 552 Rupili
1212 488 1257 550 1,
1283 488 1333 536 7.
1472 484 1614 535 Sunt
1648 486 1844 550 quibus
1879 486 1938 534 in
1974 486 2142 535 satira
2174 484 2248 548 11,
2270 485 2312 535 1.

454 555 604 616 Quae
638 556 813 605 virtus
850 558 903 603 et
939 558 1143 619 quanta
1176 554 1251 616 11,
1273 554 1323 603 2.
1470 552 1624 604 Vnde
1660 559 1716 604 et
1752 568 1858 618 quo
1899 552 2088 603 Catius
2123 553 2195 616 11,
2219 556 2267 602 4.

454 622 561 685 Qui
595 620 680 686 fit,
714 621 997 672 Maecenas
1031 622 1076 684 Ι,
1103 623 1150 670 1.
1469 620 1547 671 Vt
1564 619 1845 671 Nasidieni
1860 620 2004 671 iuvit
2023 624 2226 670 tecena
2240 619 2310 683 ΙΙ,
2323 620 2364 670 8.

1101 773 1733 835 EPISTVLARVM.

451 890 592 954 Albi,
615 894 923 942 nostrorum
940 904 1244 941 sermonum
1260 890 1368 954 1‚4.
1470 890 1620 953 Quae
1655 889 1730 939 sit
1762 888 1935 939 hiems
1968 887 2155 939 Veliae
2189 889 2231 951 Ι,
2257 890 2330 939 15.

452 958 609 1010 Celso
644 958 873 1023 gaudere
904 964 961 1009 et
988 958 1123 1007 bene
1144 972 1255 1007 rem
1277 971 1369 1022 ge-
1469 957 1752 1020 Quamvis‚
1792 955 2020 1018 Scaeva,
2056 956 2188 1007 satis
2221 957 2264 1017 1,
2295 957 2366 1006 17.

518 1040 634 1075 rere
666 1028 711 1089 Ι,
738 1028 787 1077 8.
1470 1024 1613 1086 Quid
1648 1024 1748 1074 tibi
1788 1024 1905 1074 visa
1938 1023 2104 1073 Chios
2136 1022 2164 1071 1
2212 1025 2285 1072 11.

452 1092 587 1143 Cum
622 1096 706 1143 tot
743 1092 1015 1145 sustineas
1051 1092 1121 1154 11,
1149 1094 1194 1142 1.
1469 1092 1721 1157 Quinque
1778 1091 1892 1141 dies
1951 1090 2053 1142 tibi
2102 1059 2367 1155 pollicitus

450 1159 638 1223 Flore,
691 1161 834 1211 bono
887 1158 1138 1225 claroque
1194 1156 1368 1209 fidelis
1535 1161 1581 1222 Ι,
1609 1161 1656 1209 ’1.

516 1229 592 1291 ΙΙ,
615 1229 663 1277 2.
1469 1224 1790 1292 SeptimiuS,
1845 1223 2067 1289 Claudi,
2129 1224 2366 1274 nimirum

450 1294 742 1345 Fructibus
775 1292 1048 1359 Agrippae
1083 1289 1281 1344 Siculis
1317 1292 1364 1358 1,
1536 1294 1579 1356 Ι,
1607 1296 1656 1344 9.

556 1365 621 1411 12
1467 1359 1527 1410 Si
1559 1361 1694 1410 bene
1728 1364 1784 1410 te
1818 1360 1950 1410 novi
1984 1359 2029 1421 Ι,
2058 1360 2136 1411 18.

451 1427 699 1479 Humano
738 1427 906 1492 capiti
941 1428 1014 1491 ΙΙ,
1043 1430 1092 1479 3.
1466 1426 1526 1477 Si
1560 1432 1715 1492 potes
1735 1425 2022 1477 Archiacis
2059 1427 2102 1489 Ι,
2128 1427 2174 1476 5.

451 1495 559 1547 Iuli
592 1495 779 1559 Flore,
817 1495 1012 1560 quibus
1046 1495 1092 1559 Ι,
1120 1497 1167 1547 3.
1462 1494 1688 1561 Troiani
1732 1493 1860 1544 belli
1906 1494 2222 1558 scriptorem
2250 1495 2293 1554 Ι,
2318 1495 2364 1545 2.

451 1562 529 1613 Ne
563 1562 892 1628 perconteris
926 1563 971 1625 1,
999 1563 1077 1612 16.
1466 1561 1823 1612 Vertumnum
1856 1561 2157 1626 Ianumque
2188 1561 2232 1625 Ι,
2255 1563 2332 1611 20.

450 1629 542 1681 Nil
576 1630 829 1680 admirari
863 1644 1031 1695 prope
1065 1643 1149 1679 res
1183 1629 1229 1694 Ι,
1253 1629 1305 1681 6.
1461 1627 1639 1680 Vilice
1675 1627 1936 1679 silvarum
1970 1630 2017 1692 Ι,
2045 1631 2125 1678 14.

448 1698 632 1748 Prima
663 1696 803 1747 dicte
836 1696 969 1746 mihi
1001 1698 1047 1758 1,
1074 1698 1119 1746 1.
1461 1696 1626 1747 Vrbis
1661 1701 1957 1746 amatorem
1994 1697 2038 1758 Ι,
2068 1699 2146 1746 10.

449 1764 639 1817 Prisco
677 1765 726 1815 si
759 1764 930 1815 credis
965 1765 1009 1828 1,
1038 1765 1117 1816 19.
1459 1762 1535 1816 Vt
1569 1763 1997 1830 proficiscentem
2031 1763 2075 1824 Ι,
2105 1766 2183 1815 18.
