2588 4046
181 259 307 334 [HL]

1010 262 1237 320 LIBER.

924 419 929 426 ’
1022 461 1184 537 11:11.

361 593 555 740 Lupis
600 596 666 657 et
707 593 890 691 agnis
935 595 1170 740 ἓ-ιᾳωιίῑα
1197 595 1439 691 ’sortito
1485 594 1745 680 obtigit,

511 699 693 742 eoum
734 676 894 741 m1h1
1005 677 1344 758 scordiast,

362 761 679 827 Hibericis
721 764 976 844 peruste
1017 761 1278 827 funibus
1321 763 1489 827 latus

454 845 544 910 Et
585 866 768 910 crura
811 844 968 909 dura
1012 845 1333 930 compede.

359 929 539 994 Licet
582 929 888 1013 superbus
934 929 1217 994 ambules
1260 929 1561 1014 pecunia,

453 1013 740 1078 Fortuna
780 1034 914 1077 non
955 1016 1161 1078 mutat
1200 1035 1424 1098 genus⁸

358 1096 672 1180 Videsne,
719 1097 977 1162 Sacram
1018 1098 1321 1162 metiente
1361 1102 1427 1164 te
1469 1098 1656 1163 Viam

456 1181 619 1248 Cum
661 1182 761 1245 bis
804 1182 997 1246 trium
1038 1182 1334 1246 ulnarum
1375 1186 1560 1267 toga,

360 1265 453 1330 Vt
494 1287 608 1330 ora
648 1267 853 1330 vertat
894 1265 1020 1330 hue
1063 1268 1126 1330 et
1167 1266 1291 1331 hue
1337 1266 1620 1331 euntium

453 1349 807 1414 Liberrima
847 1350 1250 1434 indignatio?

364 1434 612 1499 ‘Sectus
655 1433 926 1531 flagellis
969 1433 1075 1498 hic
1115 1435 1614 1499 triumviralibus

452 1518 794 1582 Praecoms
839 1517 920 1580 ad
963 1517 1289 1583 fastidium

362 1604 526 1667 Arat
566 1602 821 1666 Falerni
863 1601 1039 1665 mille
1079 1602 1263 1667 fundi
1306 1604 1556 1689 iugera,

453 1686 543 1751 Et
584 1686 864 1770 Appiam
906 1687 1159 1751 mannis
1201 1687 1381 1770 terit,

364 1770 800 1854 Sedilibusque
843 1792 1115 1855 magnus
1158 1772 1227 1835 in
1267 1771 1490 1856 primis
1536 1794 1725 1857 eques

456 1853 709 1919 Othone
755 1857 1120 1939 contempto
1165 1855 1361 1922 sedet.

365 1939 528 2014 Quid
574 1939 804 2003 attinet
844 1942 945 2003 tot
987 1959 1100 2004 ora
1140 1941 1400 2005 navium
1442 1943 1620 2027 gravi

453 2023 757 2088 Rostrata
799 2022 945 2088 duci
985 2025 1264 2108 pondere

365 2107 603 2173 Contra
643 2109 924 2173 latrones
967 2112 1155 2192 atque
1197 2110 1489 2174 servilem
1532 2132 1819 2196 manum,

453 2191 626 2274 Hoc,
670 2192 793 2257 hoc
834 2191 1093 2257 tribuno
1136 2192 1482 2258 militum?’

1061 2481 1148 2556 V.

367 2612 479 2676 ‘At
521 2633 559 2678 o
605 2613 866 2677 deorum
909 2612 1212 2697 quidquid
1253 2613 1324 2678 in
1368 2615 1543 2680 caelo
1587 2616 1754 2699 regit

456 2702 677 2761 Terras
722 2700 786 2761 et
826 2697 1174 2761 humanum
1224 2719 1457 2782 genus,

367 2780 529 2856 Quid
572 2780 695 2845 iste
736 2780 862 2845 fert
900 2782 1209 2848 tumultus
1254 2785 1319 2846 et
1362 2782 1513 2866 quid
1556 2784 1841 2849 omnium

453 2864 687 2929 Voltus
728 2865 799 2928 in
841 2887 1040 2930 unum
1080 2887 1182 2930 me
1223 2866 1478 2930 truces?

365 2947 485 3013 Per
527 2949 761 3013 liberos
804 2951 897 3033 te,
944 2950 999 3014 si
1039 2952 1267 3014 vocata
1308 2951 1613 3034 partubus

453 3031 698 3096 Lucina
739 3033 905 3097 veris
950 3033 1157 3117 affuit,

365 3115 483 3181 Per
524 3116 648 3180 hoo
690 3117 880 3181 inane
922 3139 1236 3201 purpurae
1280 3118 1470 3184 decus
1513 3140 1765 3205 precor,

452 3199 577 3264 Per
618 3201 1102 3285 inprobaturum
1144 3202 1302 3267 haee
1340 3202 1583 3287 Iovem,

365 3282 528 3358 Quid
569 3287 643 3348 ut
683 3305 957 3350 noverea
996 3307 1099 3350 me
1141 3287 1407 3351 intueris
1452 3291 1562 3353 aut
1602 3290 1697 3353 uti

453 3367 665 3432 Petita
705 3370 874 3433 ferro
918 3370 1173 3434 belua‘P’

370 3447 455 3516 Vt
492 3451 653 3517 haee
693 3454 990 3518 trementi
1035 3460 1290 3538 questus
1336 3475 1445 3520 ore
1490 3457 1776 3521 constitit

453 3535 822 3622 Insignibus
866 3538 1066 3624 raptis
1109 3560 1293 3624 puer,

1954 260 2073 325 109

2012 1366 2073 1414 10

2011 1787 2071 1836 15

2006 2209 2072 2257 20

2011 3386 2071 3434 10
