2588 4046
484 224 565 288 78

480 571 544 620 35

483 1645 547 1694 45

482 2136 548 2183 5⁰

480 3111 550 3160 ⁶0

1248 226 1640 284 CARMINVM

737 389 909 466 Quae
953 390 1142 455 simul
1185 392 1442 454 centum
1484 380 1701 474 tetigit
1743 392 2067 473 potentem

735 474 789 539 Ο
835 473 1002 572 pidis
1033 473 1294 557 Creten,
1341 476 1547 556 ‘pater
1597 495 1663 555 o,
1702 474 1992 538 relictum

732 558 806 622 1⁴¹1
858 579 930 622 ae
969 579 1206 623 nomen
1247 558 1598 641 pietasque’
1645 557 1834 641 dixit,

827 640 1039 707 ‘Victa
1081 643 1320 709 furore.

734 809 920 875 Vnde
965 831 1088 893 quo
1133 810 1324 875 veni?
1398 809 1585 874 Levis
1628 831 1757 875 una
1796 831 1969 875 mors
2014 816 2112 875 est

733 892 1074 980 Virginum
1118 895 1359 978 culpae.
1446 893 1826 980 Vigilansne
1868 895 2049 977 ploro

733 976 943 1063 Turpe
988 979 1379 1042 conmissum
1422 999 1505 1042 an
1547 978 1720 1043 vitiis
1768 980 2087 1044 carentem

828 1061 1019 1126 Ludit
1060 1063 1273 1148 imago

735 1228 950 1313 Vana,
996 1251 1156 1314 quae
1199 1233 1389 1314 porta
1434 1230 1501 1294 fu
1555 1231 1687 1294 'ens
1732 1231 1972 1295 eburna

735 1314 1066 1379 Somnium
1112 1314 1330 1379 ducit?
1395 1314 1500 1378 Me
1534 1314 1708 1379 ‘usne
1751 1314 1977 1379 fluctus

732 1397 834 1462 Ire
876 1419 992 1482 per
1033 1399 1145 1464 lon
1193 1419 1265 1463 os
1309 1398 1461 1482 fuit,
1507 1420 1591 1462 an
1632 1401 1917 1463 recentes

827 1481 1101 1567 Carpere
1188 1482 1377 1547 ores?
1494 1540 1498 1544 Α

738 1632 948 1718 Siquis
991 1634 1297 1698 infamem
1340 1634 1500 1698 mihi
1540 1654 1712 1719 nunc
1755 1634 2088 1700 iuvencum

732 1716 943 1781 Dedat
983 1718 1235 1791 irataes
1275 1717 1582 1783 Lacerare
1624 1718 1793 1783 ferro
1839 1722 1905 1783 et

733 1800 1055 1887 Frangere
1098 1803 1304 1866 enitar
1345 1802 1535 1868 modo
1578 1802 1849 1868 multum
1893 1801 2089 1865 amati

828 1883 1083 1951 Cornua
1124 1887 1414 1951 monstri.

733 2037 1057 2123 Inpudens
1101 2038 1259 2122 liqui
1301 2040 1544 2122 patrios
1586 2039 1885 2122 Penates,

735 2121 1058 2206 Inpudens
1103 2122 1339 2187 Orcum
1379 2143 1612 2188 moror.
1703 2122 1757 2189 Ο
1802 2125 2061 2189 deorum

735 2205 803 2272 Si
847 2206 947 2271 uis
992 2205 1147 2271 haec
1191 2206 1402 2291 audie,
1446 2208 1690 2272 utinam
1733 2208 1901 2272 inter
1945 2228 2148 2272 errem

890 2291 1017 2355 uda
1057 2290 1298 2355 leones!

733 2442 1098 2526 Antequam
1138 2443 1343 2527 turpis
1385 2444 1619 2508 macies
1664 2443 1958 2508 decentes

736 2525 1019 2610 Occupet
1060 2527 1259 2590 malas
1304 2530 1682 2611 teneraeque
1725 2548 1913 2593 sucus

736 2609 991 2674 Defluat
1031 2610 1332 2695 praedae,
1379 2612 1665 2695 speciosa
1709 2632 1940 2695 quaero

825 2694 1094 2760 Pascere
1133 2695 1355 2780 tigres,

733 2844 898 2911 Vilis
940 2846 1226 2932 Europe,
1271 2849 1453 2930 pater
1493 2850 1725 2934 urguet
1766 2848 2029 2913 absens:

734 2929 900 3005 Quid
942 2931 1108 3000 mori
1149 2931 1402 2996 cessas?
1467 2931 1660 2998 Potes
1701 2933 1822 2996 hac
1866 2932 1947 2996 ab
1991 2954 2149 2998 orno

733 3013 1088 3078 Pendulum
1131 3036 1293 3079 zona
1336 3016 1498 3081 bene
1545 3020 1610 3081 te
1655 3018 1870 3082 secuta
1913 3038 1971 3081 e-

827 3097 1022 3162 lidere
1068 3099 1321 3164 collum.

734 3250 879 3316 Sive
920 3253 985 3314 te
1027 3272 1216 3333 rupes
1260 3254 1327 3316 et
1369 3255 1557 3317 acuta.
1605 3253 1735 3317 leto

733 3332 903 3398 Saxa
945 3334 1289 3418 delectant,
1338 3357 1456 3422 age
1500 3339 1566 3401 te
1608 3336 1921 3420 procellae

733 3415 934 3483 Crede
976 3419 1209 3501 veloci,
1251 3420 1381 3484 nisi
1425 3420 1576 3486 erile
1618 3420 1818 3485 mavis

825 3501 1100 3586 Carpere
1149 3524 1418 3588 pensum

2164 226 2430 299 [xxm
