2588 4046
213 252 335 323 nm
870 193 876 203 ⁶
1007 252 1223 309 unsa
1263 252 1335 310 11.
2014 244 2135 312 231

214 415 597 500 Indignatur
638 415 793 481 item
836 415 1098 500 privatis
1143 435 1218 481 ac
1259 435 1460 499 prope
1505 434 1691 479 socco
2073 423 2143 475 ⁹⁰

214 498 447 584 Dignis
492 500 876 565 carminibus
919 499 1166 563 narrari
1212 520 1371 564 cena
1413 497 1749 582 Thyestae.

215 582 484 669 Singula
527 604 810 667 quaeque
853 584 1062 649 locum
1106 585 1371 648 teneant
1399 585 1623 647 sortita
1664 581 2012 647 decentem.

215 666 544 732 Interdum
601 673 813 732 tamen
866 669 931 732 et
969 687 1191 732 vocem
1236 666 1563 732 comoedia
1603 666 1806 750 tollit,

216 750 548 835 Iratusque
594 751 896 817 Chremes
938 751 1182 816 tumido
1229 750 1524 835 delitigat
1567 771 1704 835 ore3

215 834 301 899 Et
343 835 625 920 tragicus
714 836 1038 919 lerumque
1082 835 1256 899 dolet
1284 856 1575 899 sermone
1617 834 1895 919 pedestri
2073 845 2140 895 οε

216 918 534 1002 Telephus
579 922 644 984 et
725 920 896 983 eleus
909 968 927 1003 ‚
975 940 1117 984 cum
1155 940 1285 1017 pau
1337 940 1404 983 er
1433 922 1498 983 et
1530 918 1709 983 exsul
1750 921 2014 1001 uterque

216 1001 456 1070 Proicit
498 1003 810 1087 ampullas
855 1005 919 1067 et
962 1024 1253 1087 sesqmpe
1300 1003 1425 1067 alia
1465 1002 1687 1085 verba,

217 1085 287 1151 Si
331 1089 513 1152 curat
556 1107 665 1152 cor
708 1088 1052 1171 spectantis
1096 1088 1385 1172 tetigisse
1435 1087 1733 1170 querella.

216 1169 368 1237 Non
398 1169 554 1235 satis
585 1173 684 1235 est
724 1170 991 1255 pulchra
1035 1184 1171 1236 esse
1214 1174 1535 1256 poemata3
1584 1170 1792 1236 dulcia
1824 1172 2014 1234 sunto

216 1254 321 1338 Et,
368 1275 764 1352 quocumque
803 1256 1041 1338 volent,
1086 1255 1371 1319 animum
1401 1254 1706 1320 auditoris
1752 1258 2011 1339 agunto,
2044 1264 2144 1315 100

218 1338 309 1403 Vt
350 1338 705 1403 ridentibus
750 1339 1062 1422 arrident,
1107 1340 1198 1403 ita
1239 1339 1539 1405 fientibus
1583 1338 1822 1403 adflent

217 1422 502 1487 Humani
545 1424 787 1488 voltus:
833 1423 888 1488 si
929 1424 1026 1488 vis
1070 1445 1172 1488 me
1215 1423 1366 1488 fiere
1381 1472 1400 1507 ,
1447 1423 1852 1487 dolendumst

217 1507 503 1572 Primum
531 1507 655 1592 ipsi
695 1506 848 1572 tibi:
891 1509 1028 1571 tum
1057 1510 1168 1572 tua
1194 1529 1298 1572 me
1341 1507 1693 1572 infortunia
1735 1506 2014 1590 laedent,

217 1589 498 1675 Telephe
541 1592 642 1656 vel
685 1590 906 1675 Peleu3
952 1591 1118 1656 male
1166 1592 1220 1656 si
1263 1591 1568 1655 mandata
1611 1591 1916 1674 loqueris,

216 1677 352 1740 Aut
395 1674 749 1740 dormitabo
794 1678 905 1739 aut
944 1675 1185 1740 ridebo,
1274 1674 1509 1745 Tristia
1549 1677 1862 1739 maestum
2048 1684 2144 1735 105

219 1759 485 1824 Voltum
528 1758 723 1823 verba
766 1758 1018 1843 decent,
1061 1759 1292 1823 iratum
1337 1760 1528 1843 plena
1568 1758 1914 1842 minarum,

223 1843 570 1908 [audentem
613 1843 876 1926 lasciva,
922 1864 1208 1908 severum
1252 1843 1419 1908 seria
1460 1842 1655 1908 dictu.

219 1927 485 1993 Format
526 1927 696 1992 enim
739 1930 969 1992 natura
1009 1927 1186 2011 prius
1228 1948 1349 1992 nos
1393 1927 1567 1991 intus
1612 1926 1693 1991 ad
1737 1947 1991 1990 omnem

221 2011 644 2080 Fortunarum
686 2011 976 2077 habitum
988 2061 1007 2097 ,
1053 2012 1231 2077 iuvat
1261 2014 1372 2076 aut
1414 2011 1482 2076 in
1530 2010 1665 2077 ellit
1702 2010 1782 2076 ad
1827 2011 2017 2094 iram,

218 2098 354 2161 Aut
396 2097 475 2162 ad
516 2096 779 2161 humum
823 2117 1106 2162 maerore
1144 2097 1329 2194 gravi
1373 2096 1413 2160 d
1496 2096 1628 2162 ucit
1671 2099 1736 2160 et
1776 2095 1987 2180 angit3
2048 2106 2147 2158 110

218 2181 379 2247 Post
421 2180 602 2245 effert
644 2181 840 2246 animi
883 2183 1095 2246 motus
1138 2183 1484 2265 interprete
1528 2181 1770 2265 lingua.

219 2264 288 2331 Si
335 2265 604 2330 dicentis
649 2267 836 2330 erunt
877 2264 1152 2330 fortunis
1197 2265 1440 2330 absona
1483 2264 1684 2347 dicta,

218 2349 495 2414 Romani
535 2350 768 2414 tollent
809 2350 1050 2433 equites
1093 2348 1464 2434 peditesque
1507 2347 1904 2415 cachinnum.

218 2433 521 2499 Intererit
561 2435 859 2518 multum,
905 2433 1168 2498 divusne
1210 2435 1509 2517 loquatur
1551 2455 1636 2497 an
1678 2431 1895 2517 heros,

219 2517 593 2583 Maturusne
636 2539 830 2583 senex
873 2539 956 2581 an
998 2516 1205 2583 adhuc
1246 2517 1512 2582 florente
1555 2517 1814 2581 iuventa
2051 2527 2148 2578 ιιι

219 2601 554 2685 Fervidus,
601 2604 667 2666 et
707 2604 1004 2667 matrona
1045 2603 1274 2685 potens
1319 2622 1405 2665 an
1448 2599 1666 2665 sedula
1704 2600 1947 2684 nutrix,

220 2685 624 2751 Mercatorne
667 2707 866 2772 vagus
913 2685 1200 2750 cultorne
1242 2685 1507 2750 virentis
1551 2684 1773 2770 agelli,

221 2769 500 2836 Colchus
545 2790 629 2834 an
670 2770 1002 2854 Assyrius,
1047 2768 1284 2834 Thebis
1327 2769 1605 2833 nutritus
1649 2789 1735 2832 an
1777 2767 1991 2852 Argis.

221 2855 357 2919 Aut
398 2854 634 2918 famam
680 2875 941 2939 sequere
984 2857 1096 2919 aut
1138 2853 1262 2918 sibi
1307 2852 1751 2918 convenientia
1793 2852 1982 2937 finge.

221 2937 510 3037 Scriptor
551 2938 1002 3004 Homeriacum
1046 2938 1101 3002 si
1143 2939 1310 3002 forte
1349 2937 1607 3021 reponis
1651 2934 2001 3002 Achillem:
2050 2946 2150 2998 120

220 3022 512 3108 Inplger,
557 3023 925 3107 iracundus,
971 3021 1412 3106 inexorabilis,
1459 3041 1603 3086 acer

219 3106 371 3172 Iura
412 3127 493 3171 ne
543 3109 609 3171 et
649 3107 772 3172 sibi
816 3110 967 3172 nata
1038 3105 1202 3170 nihil
1244 3126 1379 3171 non
1422 3126 1566 3170 arro
1615 3107 1682 3171 et
1724 3104 1935 3170 armis.

221 3190 320 3256 Sit
362 3190 470 3255 Me
517 3211 590 3256 ea
630 3191 810 3256 ferox
852 3155 1241 3275 invictaque,
1285 3189 1518 3255 flebilis
1643 3211 1712 3274 o,

219 3273 508 3340 Perfidus
552 3273 763 3359 Ixion,
807 3275 882 3341 Io
925 3296 1117 3361 vaga,
1161 3275 1364 3340 tristis
1410 3275 1687 3341 Orestes.

222 3358 445 3442 Siquid
487 3359 594 3423 ine
684 3362 890 3424 ertum
934 3380 1199 3425 scaenae
1243 3359 1569 3425 conmittis
1615 3361 1680 3423 et
1723 3356 1916 3422 audes
2054 3366 2151 3418 125

220 3440 571 3508 Personam
595 3381 890 3509 {limare
931 3463 1194 3510 novam:
1240 3447 1525 3508 servetur
1569 3441 1649 3506 ad
1692 3441 1923 3524 imum,

224 3526 442 3604 Qualis
487 3527 567 3592 ab
612 3528 868 3614 incepto
911 3527 1322 3614 processerit,
1367 3530 1433 3592 et
1474 3526 1598 3591 sibi
1641 3526 1911 3590 constet.
