2588 4046
96 264 411 337 xxxvm
948 262 1165 317 mssa
1205 261 1249 317 1.

396 425 550 490 Neu
586 424 773 489 multi
814 422 1100 488 Damalis
1142 423 1303 488 meri

497 508 767 573 Bassum
809 507 1075 572 threicia
1115 508 1330 572 vineat
1371 507 1681 591 amystide
1695 556 1713 591 ,

397 593 551 658 Neu
594 592 804 657 desint
847 592 1050 676 epulis
1093 612 1275 655 rosae

493 676 640 741 Neu
678 677 865 741 vivax
907 676 1121 760 apium
1162 697 1289 739 neu
1332 676 1522 740 breve
1567 675 1787 739 lilium.

399 794 644 859 Omnes
685 794 755 857 in
796 791 1094 857 Damalin
1136 795 1354 877 putres

497 876 596 941 De
643 879 841 941 onent
882 877 1127 960 oeulos,
1171 898 1292 941 neo
1328 875 1616 940 Damalis
1659 895 1829 940 novo

401 961 572 1026 Dive
626 964 763 1025 etur
805 960 1089 1025 adultero
1103 1009 1122 1044 ,

499 1044 779 1110 Lascivis
822 1043 1071 1109 hederis
1116 1044 1532 1109 ambitiosior.

938 1299 1302 1373 XXXVII.

401 1431 597 1498 Nunc
641 1434 738 1496 est
777 1430 1150 1514 bibendum,
1194 1451 1366 1493 nuno
1408 1430 1568 1514 pede
1611 1431 1811 1495 libero

402 1515 728 1581 Pulsanda
769 1515 987 1598 tellus,
1030 1535 1202 1578 nuno
1245 1512 1588 1578 Saliaribus

505 1600 744 1664 Ornare
789 1599 1083 1683 pulvinar
1126 1597 1389 1662 deorum

602 1683 877 1767 Tempus
922 1685 1058 1747 erat
1100 1682 1396 1766 dapibus,
1444 1682 1709 1747 sodales.

403 1799 663 1866 Anthao
706 1800 885 1864 nefas
931 1799 1301 1883 depromere
1345 1798 1704 1864 Caecubum

409 1884 611 1950 Cellis
656 1884 842 1948 avitis
856 1933 875 1968 ,
922 1883 1072 1947 dum
1117 1881 1436 1967 Capitolio

504 1968 598 2034 Re
649 1969 663 1982 '
715 1990 752 2033 a
795 1968 1119 2033 dementes
1163 1967 1378 2033 ruinas

658 2074 821 2117 unus
865 2055 930 2117 et
970 2052 1237 2137 imperio
1280 2053 1547 2136 parabat

409 2170 863 2236 contaminato
910 2191 1054 2234 oum
1097 2191 1293 2266 grege
1336 2169 1617 2253 turpium

406 2254 640 2319 Morbo
685 2254 996 2340 virorum,
1042 2254 1353 2337 quidhbet
1393 2254 1693 2337 inpotens

510 2336 774 2422 Sperare
817 2338 1197 2421 fortunaque
1243 2337 1414 2402 dulei

605 2421 821 2486 Ebria.
910 2420 1035 2486 Sed
1076 2421 1312 2485 minuit
1352 2423 1631 2486 furorem

408 2538 540 2605 Vix
581 2561 709 2603 una
752 2559 970 2622 sospes
1012 2538 1193 2602 navis
1239 2539 1319 2602 ab
1362 2539 1651 2623 ignibus,

410 2622 825 2720 Montemque
845 2624 1289 2707 ‘slymphatam
1309 2622 1657 2686 Mareotico

507 2706 783 2792 Redeg1t
823 2708 894 2770 in
933 2727 1117 2770 veros
1160 2707 1422 2770 timores

612 2789 876 2874 Caesar,
923 2790 1003 2854 ab
1046 2789 1235 2854 Italia
1276 2790 1599 2854 volantem

408 2907 633 2972 Remis
678 2907 1036 2994 adurguens
1050 2956 1069 2991 ,
1115 2908 1417 2992 accipiter
1457 2908 1632 2972 velut

410 2991 645 3056 Molles
690 2992 1015 3056 columbas
1061 2994 1171 3055 aut
1211 2990 1494 3089 leporem
1538 2992 1700 3056 citus

507 3074 790 3140 Venator
831 3076 901 3140 in
945 3097 1084 3140 eam
1129 3076 1184 3139 is
1228 3076 1457 3140 mvalis

612 3160 1026 3244 Haemoniae,
1117 3162 1252 3223 aret
1292 3162 1366 3223 ut
1408 3161 1647 3225 eatenis

410 3275 638 3342 Fatale
679 3280 1052 3342 monstrum.
1143 3277 1316 3353 Quae
1406 3279 1730 3343 enerosius

411 3359 636 3425 Perire
678 3382 985 3444 quaerens
1028 3382 1147 3426 neo
1188 3361 1383 3425 mulie
1428 3361 1582 3426 riter

518 3441 619 3506 Ex
663 3446 793 3508 avit
836 3467 1053 3509 ensem
1096 3466 1214 3510 neo
1257 3446 1528 3510 latentes

695 3550 831 3594 asse
877 3530 1005 3594 cita
1023 3530 1384 3614 †reparavit
1409 3551 1572 3596 oras.

1989 255 2073 319 29

2013 604 2072 653 15

2009 1061 2076 1110 20

2021 2265 2084 2314 10

2024 2720 2084 2768 15

2024 3174 2090 3223 20
