2588 4046
520 860 1806 963 EPISTVLARVM

841 1041 1057 1097 LIBER
1091 1042 1486 1102 SECVNDVS.

1135 1215 1173 1288 I

196 1314 391 1414 Cum
433 1347 534 1411 tot
575 1346 887 1413 sustinoes
933 1348 998 1411 et
1037 1348 1220 1411 tanta
1259 1345 1522 1432 negotia
1565 1346 1771 1432 solus,

195 1434 332 1498 Res
375 1429 570 1495 Italas
614 1430 805 1496 armis
848 1430 1073 1495 ulteris
1086 1479 1104 1513 ‚
1148 1430 1430 1496 moribus
1475 1450 1689 1514 ornes,

193 1517 292 1582 Le
343 1514 482 1579 'bus
527 1513 851 1579 emendes:
896 1515 967 1578 in
1008 1514 1263 1598 publica
1307 1513 1638 1580 commoda
1663 1535 1966 1663 gessem,

197 1601 275 1666 Si
342 1617 514 1682 ongo
557 1619 849 1665 sermone
890 1618 1099 1663 morer
1138 1600 1251 1663 tua
1290 1600 1422 1663 tem
1469 1618 1581 1662 ora
1596 1647 1614 1681 ‚
1718 1620 1914 1664 aesar.

195 1683 512 1749 Romulus
557 1684 623 1747 et
663 1681 855 1747 Liber
895 1685 1078 1766 pater
1121 1684 1187 1747 et
1228 1702 1373 1746 oum
1472 1684 1681 1746 astore
1721 1682 1982 1767 Pollux,
2094 1690 2128 1743 5

196 1769 362 1833 Post
403 1766 695 1850 ingentia
734 1766 904 1831 facta
946 1766 1207 1831 deorum
1249 1766 1320 1831 in
1360 1765 1602 1849 templa
1642 1766 1883 1849 recepti
1896 1815 1915 1849 ‚

197 1851 375 1916 Dum
397 1850 952 1915 terras-hominum
995 1871 1075 1915 ue
1098 1850 1318 1914 colunt
1333 1870 1559 1934 genus,
1589 1870 1813 1933 aspera
1834 1849 2002 1916 bella

200 1935 629 2019 Conponunt,
673 1954 862 2019 agros
906 1871 1277 2018 adsignant,
1324 1954 1361 1998 o
1408 1932 1560 2017 pida
1603 1932 1915 2016 condunt,

199 2019 543 2086 Ploravere
587 2018 717 2083 suis
759 2039 896 2083 non
930 2017 1314 2102 respondere
1385 2039 1640 2083 avorem

202 2104 249 2170 S
296 2106 543 2168 eratum
584 2103 846 2168 meriffis.
934 2103 1152 2168 Diram
1196 2102 1306 2186 qui
1359 2102 1650 2167 contudit
1688 2102 1958 2185 hydram
2067 2112 2132 2163 ιο

270 2191 505 2270 otaque
547 2186 730 2251 fatali
764 2189 1071 2283 portenta
1111 2186 1330 2251 labore
1373 2185 1653 2272 subegit,

205 2271 540 2355 Comperit
581 2270 887 2336 invidlam
931 2291 1224 2354 supremo
1267 2270 1396 2338 fine
1439 2270 1702 2335 domari.

201 2356 353 2421 Vrit
396 2355 568 2419 enim
609 2354 859 2439 fulgore
903 2375 1017 2419 suo
1028 2403 1046 2437 ‚
1092 2354 1201 2438 qui
1242 2375 1394 2438 prae
1473 2357 1620 2420 avat
1660 2356 1829 2420 artes

204 2440 387 2505 Infra
431 2459 499 2503 se
540 2439 812 2523 positas3
858 2439 1205 2504 exstinctus
1249 2460 1394 2503 ama
1435 2438 1565 2504 itur
1605 2437 1796 2504 idem.

205 2523 541 2589 Praesenti
582 2522 703 2587 tibi
744 2525 1027 2588 metm-os
1069 2522 1380 2608 largimur
1421 2523 1726 2605 honores,
2070 2533 2133 2582 15

204 2606 642 2689 lurandasque
683 2609 865 2672 tuum
908 2627 1023 2690 per
1063 2627 1304 2673 numen
1345 2606 1642 2690 ponimus
1686 2625 1826 2670 aras
1839 2652 1859 2689 ‚

203 2692 319 2759 Nil
365 2691 676 2756 oriturum
718 2690 907 2773 alias,
950 2690 1047 2756 nil
1089 2693 1301 2756 ortum
1341 2691 1471 2754 tale
1512 2690 1808 2755 fatentes.

206 2775 337 2842 Sed
379 2777 529 2840 tuus
570 2774 677 2839 hio
719 2775 1023 2858 populus,
1070 2775 1325 2858 sapiens
1369 2775 1433 2838 et
1475 2773 1679 2839 iustus
1723 2773 1793 2838 in
1833 2792 1996 2857 un0,

206 2860 300 2923 Te
344 2859 585 2924 nosssris
630 2857 924 2942 ducibus,
969 2861 1034 2923 te
1079 2858 1264 2924 Grais
1310 2856 1724 2923 anteferendo
1734 2905 1753 2941 ,

208 2943 447 3009 Cetera
486 2963 889 3025 nequaquam
932 2942 1126 3007 simili
1166 2942 1416 3006 raffione
1458 2941 1774 3025 modoque
2069 2951 2138 3004 20

208 3027 535 3096 Aestimat
573 3028 666 3111 et,
709 3026 837 3091 nisi
880 3047 1039 3109 quae
1082 3027 1268 3096 terris
1314 3028 1559 3091 semota
1601 3026 1856 3123 suisque

208 3110 372 3174 Tem
421 3109 636 3176 oribus
681 3110 982 3175 defuncta
1022 3110 1223 3194 videt,
1266 3110 1520 3176 fastidit
1563 3112 1628 3174 et
1670 3109 1833 3193 odit,

211 3194 322 3259 Sic
396 3196 577 3258 autor
618 3196 935 3278 veterum,
982 3196 1055 3258 ut
1095 3194 1346 3260 tabulas
1389 3215 1652 3278 peecare
1695 3196 1984 3259 vetantes

213 3278 389 3353 Quas
433 3277 532 3343 bis
577 3278 855 3361 quinque
898 3277 1019 3344 viri
1062 3281 1436 3361 sanxerunt,
1482 3278 1742 3344 foedera
1780 3298 2004 3363 regum

212 3360 339 3425 Vel
387 3360 608 3428 Gabiis
651 3362 755 3427 vel
798 3382 943 3429 oum
982 3362 1206 3447 rigidis
1251 3365 1521 3445 aequata
1565 3362 1852 3447 Sabinis,
2075 3369 2142 3421 πᾶ

216 3444 604 3512 Pontificum
647 3445 876 3529 libros,
921 3467 1167 3512 annosa
1208 3446 1532 3512 volumina
1572 3448 1791 3511 vatum

222 3527 493 3595 Diotitet
533 3530 790 3596 Albano
835 3530 1053 3597 Musas
1096 3531 1167 3595 in
1208 3533 1428 3596 monte
1471 3530 1736 3596 locutas.
