2588 4046
567 824 1661 929 CARMINVM

820 1023 1032 1077 LIBER
1069 1020 1421 1088 QVARTVS.

1101 1195 1159 1270 I.

243 1298 670 1411 In‘oermissa‚
715 1326 965 1410 Venus,
1022 1326 1129 1389 diu

335 1411 581 1477 Rursus
626 1412 792 1476 bella
833 1409 1094 1475 moves?
1160 1410 1388 1494 Parce,
1433 1432 1690 1495 precor,
1734 1433 1976 1496 precor.

249 1495 403 1561 Non
447 1517 589 1561 sum
632 1495 836 1579 qualis
882 1515 1054 1559 eram
1096 1494 1303 1558 bonae

337 1578 467 1645 Sub
511 1600 713 1665 regno
759 1577 1044 1646 Cinarae.
1090 1577 1361 1662 Desine,
1409 1579 1687 1645 dulcium

249 1714 455 1779 Mater
499 1735 685 1779 saeva
728 1713 821 1779 On
866 1713 1143 1796 idinum,
2064 1728 2094 1779 ε

337 1796 524 1863 Circa
565 1799 769 1862 lustra
854 1818 1029 1862 ecem
1069 1797 1324 1862 flectere
1367 1798 1668 1864 mollibus

252 1881 388 1946 Iam
432 1881 660 1946 durum
702 1881 1018 1965 imperiis:
1065 1881 1200 1964 abi,
1496 1942 1499 1945 ,

336 1964 474 2042 Quo
518 1965 788 2032 blandae
830 1966 1131 2032 iuvenum
1174 1972 1237 2031 te
1278 1969 1583 2032 revocant
1624 1987 1862 2052 preces.

252 2100 713 2199 Tempesssivius
756 2102 826 2164 in
870 2101 1128 2166 domum

333 2184 540 2250 Paulh
617 2208 659 2269 p
780 2185 950 2250 ureis
994 2185 1125 2250 ales
1170 2185 1483 2271 oloribus,
2032 2201 2096 2251 10

255 2207 1028 2352 Comissasserffiaximi,

336 2351 403 2418 Si
444 2356 688 2418 ‘torrere
730 2354 905 2418 iecur
948 2355 1195 2437 quaeris
1239 2354 1559 2421 idoneum.

260 2486 541 2572 Namque
585 2490 650 2553 et
691 2488 928 2553 nobilis
972 2492 1037 2552 et
1080 2489 1309 2553 decens

335 2570 420 2636 Et
460 2593 579 2656 pro
625 2572 917 2637 sollicitis
959 2592 1093 2635 non
1136 2572 1367 2637 tacitus
1411 2574 1536 2638 reis

258 2654 340 2719 Et
380 2658 634 2721 centum
678 2678 835 2741 puer
877 2655 1109 2721 artium
2032 2670 2099 2722 15

336 2740 488 2805 Late
531 2741 719 2825 signa
760 2741 921 2805 feret
962 2740 1227 2805 militiae
1270 2744 1444 2825 t-uae,

260 2872 341 2937 Et
381 2875 756 2958 quaudoque
844 2875 1124 2939 obentior
1389 2953 1396 2961 ,

337 2957 526 3044 Largi
568 2979 816 3023 muneri
860 2981 935 3023 us
979 2959 1208 3023 riserit·
1234 2960 1497 3041 aemuli,

266 3040 535 3107 Albanos
578 3064 780 3127 prope
819 3045 883 3107 te
927 3042 1101 3107 lacus

340 3124 539 3191 Ponet
580 3147 999 3191 marmoream
1043 3126 1160 3191 sub
1205 3127 1383 3190 trabe
1428 3127 1641 3192 citrea.
2030 3139 2098 3191 20

269 3256 397 3323 mio
436 3261 707 3344 plurima
746 3260 1008 3326 naribus

343 3339 548 3414 Duces
585 3347 731 3409 laura
742 3393 761 3427 ,
805 3344 1101 3428 lyraeque
1146 3349 1210 3409 et
1252 3344 1669 3427 Berecyntiae

274 3421 661 3500 Delectabere
705 3428 900 3493 libiae

343 3508 553 3577 Mixfis
596 3513 981 3579 carminibus
1025 3533 1160 3578 non
1203 3513 1342 3578 sine
1384 3513 1624 3596 fistula3

1712 3615 1788 3666 6*
