2588 4046
802 260 1106 318 GARMEN
1149 259 1588 316 SAEC'VLARE.

432 422 576 489 Vos
620 445 701 488 ue
742 444 997 508 yeraces
1042 421 1377 504 cecinisse,
1420 421 1686 503 Parcae,

443 508 583 584 Quo
671 508 869 572 semel
912 506 1155 571 dictum
1187 505 1443 570 stabilis
1489 528 1606 588 per
1651 527 1880 570 aevum

440 592 779 657 Terminus
818 594 1064 673 servat,
1103 591 1273 654 bona
1316 590 1445 653 iam
1484 589 1759 673 peractis

533 675 789 761 lungite
831 676 988 740 fata.

443 843 697 908 Fertilis
741 843 1000 928 frugum
1043 842 1415 926 pecorisque
1457 841 1649 906 tellus

442 926 489 993 S
535 928 671 992 icea
714 927 909 992 donet
953 924 1248 992 Cererem
1292 946 1555 1009 corona3

508 1012 750 1075 utriant
790 1013 958 1075 fetus
1003 1014 1068 1075 et
1110 1032 1307 1093 aquae
1352 1010 1635 1074 salubres

534 1094 624 1161 Et
665 1095 836 1160 Iovis
881 1116 1086 1158 aurae.

444 1262 719 1329 Condito
764 1263 938 1327 mitis
981 1262 1392 1347 placidusque
1433 1262 1563 1327 telo

444 1348 532 1413 Su
576 1348 775 1431 plices
819 1347 968 1411 audi
1010 1368 1271 1430 pueroS‚
1318 1346 1584 1430 Apoll03

443 1430 513 1496 Si
559 1453 736 1495 erum
775 1432 1002 1516 regina
1042 1430 1322 1494 bicornis
1336 1478 1355 1513 ‚
1402 1431 1580 1512 audi,

535 1515 744 1599 Luna,
790 1515 1052 1599 puellas.

442 1666 650 1730 Roma
692 1666 747 1731 si
789 1669 1132 1731 vestrumst
1174 1686 1366 1750 opus,
1411 1664 1689 1749 Iliaeque

443 1749 623 1815 Litus
668 1750 1011 1815 Etruscum
1051 1754 1312 1814 tenuere
1355 1752 1598 1815 turmae
1608 1799 1626 1834 ‚

441 1833 623 1898 Iussa
663 1856 811 1918 pars
853 1838 1100 1899 mutare
1143 1833 1337 1898 Lares
1383 1837 1449 1900 et
1488 1834 1710 1899 urbem

536 1917 789 2001 Sospite
834 1939 1048 2002 cursu,

441 2069 566 2135 Cui
607 2092 723 2154 per
765 2071 1090 2135 ardentem
1134 2071 1270 2135 sine
1314 2070 1534 2135 fraude
1575 2070 1833 2135 Troiam

445 2153 674 2219 Castus
716 2154 967 2219 Aeneas
1009 2156 1253 2251 patriae
1299 2158 1614 2238 superstes

442 2237 741 2302 Liberum
784 2239 1056 2302 muniV1t
1096 2240 1243 2322 iter,
1291 2239 1551 2304 daturus

535 2322 731 2387 Plura
772 2323 1041 2387 relictis:
1417 2340 1424 2348 ·

445 2472 558 2557 Di,
602 2473 840 2557 probos
883 2495 1091 2538 mores
1144 2474 1337 2539 docili
1378 2476 1701 2558 iuventae,

443 2556 530 2620 Di
542 2567 573 2638 ,·
609 2558 921 2621 senectuti
958 2557 1246 2654 placidae
1290 2559 1598 2642 quietem,

444 2640 753 2706 Romulae
796 2644 975 2725 genti
1020 2642 1165 2706 date
1205 2663 1465 2727 remque
1507 2643 1877 2727 prolemque

534 2725 625 2789 Et
668 2725 858 2790 decus
905 2746 1111 2791 omne.

444 2875 742 2959 Quaeque
785 2897 899 2940 vos
943 2877 1146 2941 bobus
1189 2880 1525 2942 veneratur
1568 2877 1729 2941 albis

444 2958 668 3024 Clarus
711 2959 1032 3025 Anchisae
1075 2960 1469 3044 Venerisque
1514 2962 1803 3046 sanguis,

442 3042 518 3107 In
566 3047 758 3127 etret‚
803 3044 1081 3108 bellante
1124 3045 1330 3130 prior,
1375 3045 1690 3110 iacentem

590 3128 728 3192 enis
771 3128 840 3191 in
882 3128 1150 3194 hostem.

442 3278 580 3342 Iam
623 3279 787 3343 mari
828 3282 1121 3363 terraque
1164 3302 1392 3345 manus
1434 3284 1730 3364 potentes

443 3361 666 3427 Medus
709 3363 1120 3447 Albanasque
1163 3365 1349 3428 timet
1391 3386 1669 3447 secures,

443 3444 579 3510 Iam
624 3446 895 3530 Scythae
937 3469 1245 3531 responsa
1287 3451 1518 3532 petunt
1562 3448 1815 3532 superbi

535 3530 756 3616 Nuper
800 3535 865 3596 et
907 3531 1068 3598 Indi.

2040 251 2154 316 103

2087 432 2152 480 25

2090 935 2157 987 30

2090 1442 2155 1491 35

2088 2486 2154 2535 45

2090 2975 2158 3025 50
