2588 4046
232 270 356 341 m.]
1027 269 1244 324 LIBER
1284 270 1356 327 11.
2034 265 2161 331 229

234 431 518 515 Inceptis
561 432 859 516 gravibus
903 432 1273 514 plerumque
1304 434 1369 496 et
1408 453 1647 517 magna
1686 433 1991 517 professis

234 516 627 599 Purpureus,
674 515 801 579 late
844 515 952 598 qui
996 515 1359 599 splendeat,
1410 538 1574 580 unus
1618 520 1683 581 et
1725 518 1886 581 alter
2097 529 2160 579 15

236 599 548 663 Adsuitur
590 619 868 682 pannus,
916 620 1059 664 cum
1103 600 1281 664 lucus
1326 602 1393 663 et
1435 621 1544 664 ara
1584 598 1832 664 Dianae
1922 674 1927 675 ⁷

233 683 322 747 Et
362 683 764 767 properantis
808 704 1007 766 aquae
1048 705 1163 766 per
1205 704 1507 748 amoenos
1540 683 1816 748 ambitus
1845 706 2033 770 agros

234 769 370 831 Aut
395 767 633 830 flumen
659 766 956 830 Rhenum
987 771 1097 831 aut
1129 768 1383 851 pluvius
1414 767 1789 833 describitur
1818 790 2031 853 arcus3

237 851 362 916 Sed
381 871 555 915 nunc
575 871 710 914 non
733 854 871 915 erat
889 850 990 914 his
1007 851 1203 917 locus.
1260 851 1351 916 Et
1369 852 1639 916 fortasse
1668 873 2033 935 cupressum

237 935 376 1000 Scis
421 935 743 999 simulare:
788 934 942 1018 quid
983 935 1136 1018 hoc,
1182 935 1238 1000 si
1279 936 1498 1000 fractis
1530 936 1757 1000 'enatat
1799 958 2022 1021 exspes
2092 950 2160 1000 20

234 1019 554 1101 Navibus,
599 1039 744 1084 aere
772 1018 919 1082 dato
950 1019 1060 1102 qui
1085 1020 1420 1104 pingitur?
1464 1019 1798 1117 Amphora
1825 1021 2036 1103 coepit

233 1103 525 1167 Instituit
571 1106 861 1167 currente
900 1106 1042 1167 rota
1086 1124 1198 1167 cur
1237 1125 1464 1168 urceus
1509 1103 1685 1168 exlt‘?

236 1187 527 1270 Denique
571 1186 658 1251 sit
698 1186 978 1270 quidvis,
1024 1187 1292 1272 simplex
1337 1187 1665 1252 dumtaxat
1707 1190 1772 1252 et
1812 1210 2029 1253 unum.

235 1271 516 1335 Maxima
541 1292 690 1354 pars
719 1275 964 1353 vatum,
997 1274 1179 1355 pater
1208 1274 1274 1336 et
1293 1272 1555 1337 iuvenes
1642 1274 1778 1336 atre
1822 1271 2029 1357 digni,

234 1355 606 1438 Decipimur
648 1355 858 1438 specie
898 1356 1077 1421 recti.
1148 1355 1375 1421 Brevis
1419 1378 1557 1422 esse
1664 1356 1852 1441 boro,
2090 1368 2159 1418 25

237 1439 560 1505 Obscurus
602 1438 716 1520 fio3
762 1442 1110 1504 sectantem
1153 1440 1319 1504 levia
1359 1441 1542 1505 nervi

235 1523 559 1588 Deficiunt
600 1523 948 1607 animique3
990 1524 1318 1607 professus
1361 1523 1631 1621 grandia
1672 1528 1917 1609 turget3

237 1608 451 1692 Serpit
489 1606 669 1672 humi
709 1610 884 1671 tutus
925 1608 1195 1671 nimium
1235 1609 1621 1692 timidusque
1662 1609 2009 1693 procellae;

237 1691 360 1768 Qui
382 1691 645 1756 ·variare
690 1692 867 1774 cupit
907 1713 1043 1756 rem
1083 1691 1268 1775 prodi
1321 1692 1524 1755 ‘aliter
1566 1712 1791 1775 unam,

233 1774 628 1859 Delphinum
671 1775 847 1840 silvis
889 1775 1210 1860 adpingit,
1300 1775 1548 1840 uctibus
1593 1797 1836 1859 aprum.
2091 1788 2161 1838 30

234 1860 314 1924 111
357 1860 582 1924 vitium
624 1859 800 1924 ducit
842 1860 1064 1942 culpae
1107 1860 1289 1944 fuga,
1336 1860 1392 1923 si
1435 1865 1609 1924 caret
1650 1863 1804 1924 arte.
1912 1882 1920 1888 ·

234 1944 583 2009 Aemilium
627 1944 793 2008 circa
835 1943 1053 2007 ludum
1095 1943 1274 2008 faber
1317 1965 1481 2008 unus
1525 1946 1590 2007 et
1630 1965 1720 2007 un
1812 1964 1879 2008 es

234 2029 335 2094 Ex
382 2029 570 2093 rimet
612 2031 676 2092 et
717 2029 942 2092 molles
984 2029 1339 2093 imitabitur
1382 2049 1525 2093 aere
1569 2028 1704 2112 cap‘
1760 2049 1864 2111 os,

235 2052 471 2177 lnfglix
513 2133 551 2176 o
599 2112 721 2176 eris
765 2133 1039 2195 summa,
1083 2113 1233 2196 quia
1273 2134 1513 2196 ponere
1553 2115 1762 2177 totum

235 2197 526 2263 Nesciet:
614 2217 741 2260 unc
783 2216 904 2281 ego
948 2218 1079 2278 me,
1132 2197 1341 2281 siquid
1385 2218 1744 2281 conponere
1787 2217 2029 2280 curem,
2092 2210 2159 2259 35

235 2281 389 2347 Non
429 2303 495 2345 m
586 2280 636 2343 ‘s
680 2301 818 2344 esse
860 2281 1085 2362 velim,
1142 2302 1335 2364 quam
1376 2302 1533 2345 naso
1576 2281 1786 2346 vivere
1834 2301 2032 2364 pravo

237 2365 514 2450 Spectan
557 2386 666 2428 um
711 2364 915 2448 nigris
959 2364 1160 2429 oculis
1202 2365 1516 2461 nigroque
1562 2365 1813 2447 capillo.

237 2449 481 2515 Sumite
520 2449 852 2512 materiam
894 2448 1152 2530 vestris,
1198 2469 1308 2531 qui
1351 2448 1658 2530 scribitis,
1703 2469 1972 2531 aequam

234 2532 495 2598 Viribus
540 2535 606 2597 et
645 2535 891 2596 versate
934 2532 1043 2596 diu
1117 2532 1270 2629 quid
1311 2532 1477 2596 ferre
1519 2535 1841 2613 recusent,

236 2616 405 2693 Quid
446 2617 700 2680 valeant
738 2616 960 2680 umeri.
1077 2637 1144 2679 u1
1187 2616 1354 2680 lecta
1393 2617 1689 2698 potenter
1732 2614 1854 2678 erit
1895 2636 2027 2699 res,
2090 2628 2160 2678 40

234 2701 374 2766 Nec
415 2700 713 2765 facundia
756 2699 1002 2764 deseret
1041 2698 1214 2764 hunc
1255 2720 1376 2763 nec
1419 2697 1666 2763 lucidus
1712 2698 1886 2762 ordo,

236 2784 494 2849 Ordinis
536 2783 695 2849 haec
720 2783 921 2847 virtus
966 2784 1086 2847 erit
1114 2785 1179 2847 et
1219 2804 1450 2864 venus,
1494 2785 1605 2846 aut
1647 2803 1681 2846 e
1730 2802 1768 2845 o
1813 2782 2032 2864 fallor,

233 2867 325 2933 Vt
365 2869 496 2933 iam
536 2888 710 2932 nunc
754 2866 925 2932 dicat
964 2868 1092 2930 iam
1133 2887 1306 2931 nunc
1349 2866 1646 2931 debentia
1736 2865 1844 2948 ὀί,

234 2952 544 3035 Pleraque
587 2951 838 3015 differat
880 2954 946 3016 et
985 2972 1287 3034 praesens
1331 2951 1402 3014 in
1442 2953 1694 3034 tempus
1737 2950 2019 3034 omittat3

232 3036 312 3100 In
355 3036 564 3101 verbis
608 3036 800 3099 etiam
842 3035 1052 3099 tenuis
1097 3036 1442 3118 cautusque
1486 3032 1769 3098 serendis
2093 3046 2160 3097 46

232 3119 376 3185 Hoc
419 3122 616 3204 amet,
660 3118 784 3184 hoc
828 3122 1087 3203 spernat
1126 3119 1427 3203 promissi
1459 3118 1756 3183 carminis
1787 3119 2026 3182 auctor.
2091 3128 2158 3180 «ιε

233 3203 500 3268 Dixeris
533 3203 820 3288 egregie,
869 3206 1096 3267 notum
1140 3203 1194 3268 si
1238 3202 1472 3268 callida
1511 3202 1773 3267 verbum

234 3286 606 3353 Reddiderit
646 3287 940 3351 iunctura
979 3308 1235 3351 novum.
1325 3285 1394 3351 Si
1437 3286 1601 3351 forte
1642 3288 1994 3368 necessest,

233 3370 496 3436 Indiciis
540 3374 897 3435 monstrare
939 3371 1301 3436 recentibus
1345 3369 1560 3435 abdita
1600 3391 1843 3452 rerum,

234 3455 509 3540 Fingere
554 3455 850 3519 cinctutis
891 3476 1028 3519 non
1072 3453 1365 3518 exaudita
1408 3452 1711 3537 Cethegis
2091 3464 2160 3514 60

234 3537 588 3624 Continget
630 3538 1004 3623 dabiturque
1045 3538 1306 3603 licentia
1349 3540 1603 3622 sumpta
1644 3535 1976 3622 pudenter.
