2588 4046
445 237 529 302 80

451 1427 514 1476 10

452 1898 515 1947 15

448 2370 515 2420 20

450 2890 515 2940 25

453 3364 519 3415 30

1209 242 1602 298 cfflmmvu
2073 241 2389 315 [xxm

1218 423 1585 499 XXVHJI.

614 556 943 640 Tyrrhena
984 577 1210 641 regum
1254 556 1622 641 progenies,
1665 554 1787 619 tibi

612 640 764 707 Non
809 644 957 706 ante
1002 661 1183 705 verso
1228 640 1372 704 lene
1416 661 1661 705 merum
1704 637 1859 703 cado

619 748 626 757 ·
700 724 863 791 Cum
905 726 1089 808 flore,
1135 724 1503 808 Maecenas,
1550 744 1838 788 rosarum
1882 725 1945 787 et

789 809 1018 874 Pressa
1059 808 1186 873 tuis
1234 809 1505 873 balanus
1550 807 1803 891 capillis

616 943 973 1008 Iandudum
1014 943 1183 1027 apud
1225 945 1420 1007 mest:
1488 943 1660 1026 eripe
1700 945 1765 1005 te
1809 962 2055 1022 morae,

613 1027 714 1093 Ne
759 1049 1007 1112 semper
1049 1027 1244 1092 udum
1288 1026 1486 1091 Tibur
1530 1029 1594 1091 et
1634 1025 1904 1090 Aefulae

700 1111 958 1176 Declive
980 1112 1474 1195 †contempleris
1499 1132 1720 1175 arvum
1766 1112 1829 1174 et

791 1195 1102 1280 Telegoni
1143 1197 1296 1280 iuga
1338 1194 1710 1279 parricidae.

616 1330 1041 1396 Fastidiosam
1084 1329 1300 1395 desere
1345 1330 1595 1413 copiam
1641 1332 1707 1394 et

615 1413 854 1478 Molem
896 1414 1321 1498 propinquam
1364 1413 1638 1478 nubibus
1683 1412 1923 1496 arduis,

702 1497 942 1563 Omitte
985 1498 1202 1562 mirari
1246 1499 1469 1562 beatae

794 1581 1068 1646 Fumum
1112 1584 1176 1647 et
1220 1602 1374 1666 opes
1421 1582 1877 1665 strepitumque
1922 1580 2187 1647 Romae.

616 1717 994 1800 Plerumque
1035 1719 1258 1802 gratae
1304 1716 1602 1781 divitibus
1645 1718 1816 1782 vices

615 1800 1017 1884 Mundaeque
1059 1822 1255 1884 parvo
1302 1801 1419 1865 sub
1462 1800 1595 1865 lare
1636 1821 1984 1885 pauperum

707 1883 916 1950 Genae
961 1885 1096 1949 sine
1141 1885 1376 1949 aulaeis
1421 1887 1485 1948 et
1528 1888 1700 1950 ostro

795 1968 1149 2036 Sollicitam
1188 1968 1544 2053 explicuere
1587 1969 1883 2035 frontem.

617 2104 756 2168 Iam
800 2104 1005 2169 clarus
1050 2105 1370 2170 occultum
1413 2104 1859 2169 Andromedae
1902 2107 2084 2189 pater

618 2187 913 2253 Ostendit
955 2189 1201 2273 ignem,
1246 2190 1376 2253 iam
1417 2188 1713 2273 Procyon
1755 2188 1909 2253 furit

700 2271 789 2337 Et
833 2272 1017 2337 stella
1059 2274 1279 2338 vesani
1322 2272 1555 2337 Leonis

798 2355 944 2420 Sole
989 2356 1123 2422 dies
1167 2357 1480 2421 referente
1524 2356 1756 2423 siccos:

618 2491 755 2556 Iam
797 2494 1017 2575 pastor
1061 2491 1317 2556 umbras
1363 2513 1507 2556 cum
1548 2513 1662 2577 gre
1711 2513 1744 2556 e
1788 2491 2090 2575 languido

616 2575 971 2659 Rivumque
1013 2575 1218 2640 fessus
1262 2577 1511 2660 quaerit
1553 2578 1618 2639 et
1705 2575 1900 2639 orridi

701 2659 977 2724 Dumeta
1020 2658 1294 2743 Silvani,
1342 2662 1634 2743 caretque

792 2743 974 2827 Ripa'
1001 2743 1180 2828 vagis
1224 2744 1539 2808 taciturna
1580 2744 1806 2810 ventis.

623 2877 721 2942 Tu
765 2878 1086 2943 civitatem
1129 2878 1269 2962 quis
1315 2878 1530 2944 deceat
1572 2881 1772 2943 status

621 2961 820 3027 Ouras
866 2965 930 3026 et
970 2961 1130 3027 Vrbi
1176 2962 1487 3027 sollicitus
1530 2962 1745 3045 times,

705 3045 872 3122 Quid
916 3046 1097 3111 Seres
1142 3049 1207 3111 et
1246 3069 1280 3110 r
1446 3049 1514 3110 ta
1556 3045 1724 3129 Cyro

795 3130 1028 3196 Bactra
1068 3134 1297 3215 parent
1394 3130 1695 3215 anaisque
1739 3129 1994 3195 discors.

619 3266 906 3332 Prudens
949 3266 1147 3331 futuri
1188 3266 1496 3350 temporis
1540 3266 1779 3331 exitum

627 3349 997 3436 Caliginosa
1038 3354 1227 3416 nocte
1269 3351 1504 3435 premit
1546 3350 1700 3416 deus
1711 3402 1731 3435 ,

703 3434 1017 3518 Ridetque
1063 3436 1118 3499 si
1160 3436 1448 3500 mortalis
1492 3436 1660 3500 ultra

797 3518 920 3583 Fas
963 3519 1255 3604 trepidat.
1346 3519 1530 3596 Quod
1572 3520 1752 3585 adest
1793 3513 2115 3587 memento
