2588 4046
468 247 552 310 20

477 1481 541 1530 10

472 2972 536 3021 10

472 3441 533 3491 15

1229 217 1622 305 (ΞΑΒΜΙΝῪΜ

1292 480 1560 554 ΧΧΙΠ.

679 611 865 679 Vita-s
948 611 1212 677 hinuleo
1255 634 1359 676 me
1406 612 1661 696 simflirx,
1707 610 1939 696 Chloe,

681 697 1024 772 Quaerenti
1064 696 1361 780 pavidam
1402 695 1728 760 montibus
1774 695 1946 760 aviis·

773 781 1047 846 Matrem
1088 802 1223 845 non
1266 779 1403 844 sine
1447 801 1612 844 vano

875 865 1194 929 Aurarum
1238 867 1304 928 et
1347 863 1546 927 siluae
1589 866 1781 928 metu.

682 999 851 1065 Nam
895 1021 1006 1064 seu
1047 998 1392 1063 mobilibus
1435 993 1602 1063 veris
1646 997 1968 1061 inhorruit

685 1084 1015 1148 Adventus
1057 1083 1229 1147 foliis
1244 1133 1262 1165 ‚
1308 1104 1420 1146 seu
1462 1081 1695 1145 virides
1737 1080 1967 1145 rubum

775 1166 1113 1231 Dimovere
1156 1167 1429 1230 lacertae
1446 1213 1465 1249 ‚

874 1250 963 1315 Et
1004 1250 1192 1314 eorde
1236 1253 1301 1314 et
1342 1248 1613 1334 genibus
1656 1250 1892 1312 tremit.

641 1361 647 1367 ⁴
686 1384 887 1467 Atqui
927 1404 1063 1447 non
1106 1405 1226 1469 ego
1269 1387 1334 1448 te
1378 1384 1565 1468 tigris
1608 1385 1681 1447 ut
1724 1403 1948 1466 aspera

692 1467 1074 1533 Gaetulusve
1117 1469 1217 1532 leo
1249 1467 1559 1552 ‚frangere
1600 1486 1976 1550 persequor:

775 1552 1058 1616 Tandem
1102 1551 1318 1616 desine
1367 1554 1637 1615 matrem

852 1635 1282 1719 'Tempestiva
1326 1635 1505 1718 sequi
1547 1635 1708 1698 viro,

1279 1973 1583 2049 XXIIII.

681 2105 836 2181 Quis
881 2106 1189 2170 desiderio
1235 2106 1320 2169 sit
1406 2105 1567 2169 udor
1610 2107 1721 2169 aut
1761 2105 1989 2169 modus

684 2189 844 2253 Tam
888 2190 1016 2255 cari
1060 2189 1333 2273 eapitis?
1432 2189 1681 2271 raecipe
1724 2189 1790 2252 lu
1881 2188 2026 2253 bres

682 2273 953 2357 Cantus,
997 2250 1400 2356 Melpomeffl
1413 2321 1431 2355 ‚
1478 2273 1579 2336 eui
1621 2273 1780 2355 liqui
1827 2294 1930 2336 am
1972 2272 2156 2355 pater

772 2356 1014 2421 Vocem
1059 2378 1201 2420 cum
1246 2355 1493 2421 cithara
1542 2355 1733 2421 dedit.

679 2492 854 2576 Ergo
903 2491 1281 2565 Quintilium
1330 2491 1669 2573 perpetuus
1716 2510 1908 2573 sopor

678 2574 970 2660 Vrguet?
1057 2574 1179 2640 cui
1221 2574 1435 2638 Pudor
1488 2576 1553 2638 et
1592 2573 1881 2639 Iustitiae
1926 2594 2139 2656 soror,

679 2658 1059 2743 Incorrupta
1099 2658 1288 2722 Fides
1301 2706 1320 2742 ‚
1363 2658 1657 2740 nudaque
1699 2657 1954 2722 Veritas

772 2742 1038 2818 Quando
1083 2742 1286 2806 ullum
1329 2742 1611 2806 inveniet
1650 2741 1917 2826 parem?

680 2876 901 2940 Multis
943 2876 1053 2940 ille
1095 2876 1283 2940 bonis
1326 2876 1556 2940 flebilis
1602 2875 1836 2940 oceidit
1848 2925 1867 2959 ,

681 2958 864 3025 Nulli
906 2959 1206 3042 flebilior,
1252 2980 1444 3042 quam
1485 2959 1606 3023 tibi
1617 3008 1637 3043 ,
1679 2959 1945 3044 Vergili.

679 3043 776 3107 Tu
816 3044 1055 3107 frustra
1097 3044 1241 3127 pius
1285 3043 1412 3108 heu
1453 3064 1587 3107 non
1628 3044 1720 3107 ita
1764 3043 2073 3108 creditum

772 3127 990 3192 Poscis
1036 3127 1415 3203 Quintilium
1460 3127 1631 3191 deos,

679 3261 845 3338 Quid
888 3262 943 3326 si
987 3261 1279 3326 Threicio
1325 3261 1621 3325 blandius
1667 3261 1923 3346 Orpheo

677 3345 983 3428 Auditam
1024 3345 1350 3410 moderere
1394 3344 1725 3410 arboribus
1768 3344 2003 3409 fidem?

679 3430 854 3495 Num
895 3451 1096 3493 vanae
1139 3430 1358 3494 redeat
1401 3430 1662 3515 sanguis
1706 3428 2004 3515 imagini,

773 3513 979 3591 Quam
1019 3514 1202 3597 virga
1245 3515 1441 3579 semel
1482 3513 1771 3596 horrida,
