2588 4046
421 229 502 294 26
1180 233 1573 288 CARMINVM
2106 232 2360 305 [XXXII.

674 396 972 460 Liberum
1019 397 1083 458 et
1124 395 1341 459 Musas
1385 394 1822 477 Veneremque
1869 396 1933 457 et
1974 393 2066 457 illi

425 493 488 542 10
675 480 936 563 Semper
977 477 1347 542 haerentem
1389 500 1654 561 puerum
1699 477 1995 557 canebat,

672 564 760 628 Et
801 563 1043 646 Lycum
1084 563 1289 647 nigris
1335 563 1533 626 oculis
1576 562 1888 646 nigroque

768 647 959 712 Crine
1005 647 1322 711 decorum.

676 782 728 846 O
776 782 965 845 decus
1007 779 1250 844 Phoebi
1296 783 1359 844 et
1404 780 1669 863 dapibus
1714 781 1992 862 supremi

676 865 874 930 Grata
916 865 1167 928 testudo
1211 863 1414 946 Iovis,
1461 885 1499 927 o
1544 864 1835 927 laborum

424 961 486 1010 15
676 948 878 1013 Dulce
922 950 1202 1012 lenimen
1242 948 1711 1031 medicumque,
1758 946 1929 1011 salve

763 1031 910 1097 Rite
954 1031 1237 1097 vocanti!

1212 1303 1546 1378 XXXIII.
1563 1322 1574 1329 ·

673 1437 855 1519 Albi,
899 1457 981 1500 ne
1026 1436 1240 1500 doleas
1282 1436 1429 1519 plus
1471 1435 1671 1498 nimio
1716 1455 1958 1499 memor

673 1521 924 1584 Inmitis
972 1519 1275 1602 Glycerae
1352 1540 1477 1583 neu
1519 1519 1909 1582 miserabiles

673 1604 988 1668 Decantes
1034 1605 1276 1687 elegw,
1325 1623 1435 1666 cur
1482 1603 1602 1666 tibi
1645 1602 1857 1665 iunior

765 1688 967 1752 Laesa
1007 1687 1365 1770 praeniteat
1408 1686 1548 1751 fide.

420 1835 452 1883 5
672 1821 1001 1918 Insignem
1044 1821 1221 1885 tenui
1263 1821 1477 1884 fronte
1518 1819 1832 1903 Lycorida

677 1905 826 1988 Cyri
868 1906 1070 1968 torret
1113 1925 1319 1988 amor,
1368 1902 1571 1986 Cyrus
1614 1904 1686 1967 in
1728 1894 2018 1986 asperar'n

673 1988 971 2053 Declinat
1011 1987 1330 2053 Pholoen:
1388 1988 1499 2052 sed
1540 1987 1716 2072 prius
1762 1987 1989 2071 Apulis

762 2074 1118 2158 Iungentur
1161 2093 1424 2156 capreae
1468 2073 1662 2155 lupis,

673 2208 876 2283 Quam
918 2208 1090 2290 turpi
1133 2206 1373 2270 Pholoe
1417 2209 1638 2289 peccet
1679 2205 1982 2270 adultero,

425 2305 487 2354 10
678 2291 783 2356 Sic
825 2292 1032 2355 visum
1074 2290 1341 2372 Veneri,
1388 2291 1489 2354 cui
1531 2290 1743 2373 placet
1784 2290 2039 2372 inpares

670 2375 935 2439 Formas
981 2377 1169 2457 atque
1213 2374 1461 2437 animos
1507 2374 1623 2438 sub
1667 2374 1818 2458 iuga
1860 2372 2104 2436 ahenea

766 2459 965 2524 Saevo
1010 2459 1260 2521 mittere
1306 2479 1449 2521 cum
1491 2457 1654 2521 ioco,

671 2593 890 2676 Ipsum
933 2614 1034 2657 me
1108 2592 1336 2657 melior
1380 2612 1523 2655 cum
1612 2593 1812 2655 eteret
1854 2590 2105 2675 VenuS‚

674 2676 870 2740 Grata
913 2677 1183 2741 detinuit
1225 2676 1527 2758 compede
1638 2674 1841 2757 yrtale

426 2774 485 2822 15
675 2760 1032 2843 Libertina,
1076 2760 1256 2823 fretis
1303 2760 1507 2822 acrior
1549 2757 1829 2822 Hadriae

767 2843 1102 2910 Curvantis
1149 2843 1458 2932 Calabros
1504 2842 1699 2907 sinus.

1186 3115 1554 3188 XXXIIII.

672 3247 907 3311 Parcus
954 3247 1213 3310 deorum
1260 3247 1465 3310 cultor
1509 3248 1572 3310 et
1614 3246 2014 3328 infrequens,

671 3330 1059 3395 Insanientis
1105 3330 1256 3393 dum
1301 3330 1651 3414 sapientiae

767 3413 1111 3479 Consultus
1157 3434 1294 3478 erro
1308 3464 1326 3498 ,
1377 3435 1548 3479 nunc
1590 3416 1933 3478 retrorsum

865 3497 1026 3563 Vela
1070 3498 1216 3562 dare
1261 3501 1451 3581 atque
1494 3498 1723 3561 iterare
1769 3517 1986 3562 cursus
