2588 4046
170 199 332 278 m]
932 215 1147 272 unm
1187 219 1259 277 11.

974 448 1208 526 XIIII.

323 569 507 635 Eheu
548 573 838 659 fugaces,
882 576 1215 666 Postume,
1259 584 1594 675 Postume,

322 654 651 722 Labuntur
691 661 876 745 anni,
919 685 1040 729 nec
1081 667 1287 751 pietas
1330 693 1576 738 moram

427 739 632 826 Rugis
678 747 745 807 et
784 745 1055 812 instanti
1098 757 1393 818 senectae

532 826 804 892 Adferet
842 830 1317 919 indomitaeque
1359 843 1583 927 ωσι-ἥς

321 956 499 1042 Non,
545 960 600 1024 si
641 964 947 1049 trecenis,
994 972 1309 1053 quotquot
1348 977 1503 1039 eunt
1545 977 1709 1061 dies,

322 1041 574 1127 Amice,
617 1046 830 1128 places
875 1050 1401 1122 inlacrimabilem

423 1126 699 1194 Plutona
738 1134 940 1197 tauris
955 1183 974 1216 ,
1019 1138 1129 1219 qui
1170 1142 1270 1203 ter
1314 1144 1598 1225 amplum

529 1211 870 1297 Geryonen
913 1217 1271 1306 Tityonque
1316 1227 1491 1291 tristi

322 1342 662 1429 Conpescit
700 1351 901 1435 unda,
946 1355 1190 1421 scilicet
1231 1361 1557 1447 omnibus,

322 1426 704 1515 Quicumque
744 1438 950 1501 terrae
992 1461 1253 1507 munere
1303 1446 1649 1533 vescimur,

420 1512 835 1601 Enaviganda
845 1569 864 1603 ,
909 1523 1041 1588 sive
1080 1546 1265 1610 reges

523 1597 669 1665 Sive
710 1603 937 1688 inopes
981 1608 1215 1674 erimus
1260 1614 1494 1680 coloni.

320 1728 569 1810 Frustra
611 1741 875 1803 cruento
916 1740 1124 1808 Marte
1169 1747 1521 1814 carebimus

223 1886 226 1889 ,
320 1812 674 1902 Fractisque
715 1824 890 1888 rauci
930 1825 1228 1893 fluctibus
1271 1831 1577 1917 Hadriae,

416 1900 673 1967 Frustra
714 1927 829 1989 per
870 1913 1208 1977 autumnos
1250 1922 1591 1983 nocentem

516 1985 908 2073 Corporibus
950 2000 1305 2064 metuemus
1351 2005 1669 2088 austrum:

320 2114 618 2187 Visendus
664 2127 819 2202 ater,
841 2127 1102 2195 flumine
1140 2132 1445 2219 languido

320 2199 576 2353 cmg-{9⁸
621 2229 840 2275 errans
885 2217 949 2277 et
989 2213 1197 2280 Danai
1238 2240 1444 2303 genus

512 2313 652 2355 ame
695 2293 1154 2381 damnatusque
1196 2301 1379 2388 longi

509 2373 820 2460 Sisyphus
862 2381 1162 2449 Aeolides
1206 2385 1464 2453 laboris.

317 2500 668 2590 Linquenda
708 2513 900 2578 tellus
945 2519 1010 2580 et
1052 2518 1277 2584 domus
1322 2525 1388 2586 et
1401 2607 1413 2621 ·
1426 2524 1686 2607 placens

318 2582 499 2676 onr,
541 2615 749 2678 neque
790 2597 1044 2684 harum,
1089 2623 1245 2685 quas
1290 2607 1449 2672 colis
1457 2657 1477 2692 ,
1523 2612 1819 2679 arborum

408 2671 490 2739 Te
573 2683 783 2744 raeter
824 2682 1060 2748 invisas
1106 2707 1437 2783 cupressos

690 2763 947 2831 brevem
990 2767 1320 2837 dommum
1364 2780 1682 2860 sequetur.

314 2887 601 2959 Absumet
641 2896 825 2963 heres
871 2899 1163 2968 Caecuba
1206 2906 1463 2993 dignior

314 2967 549 3072 Servata
590 2984 846 3047 centum
890 2986 1169 3053 clavibus
1215 2994 1278 3054 et
1321 3014 1495 3058 mero

408 3055 1168 3237 ffiffsssssffiffimssffi
1187 3077 1490 3223 ⁸3ss'ssssb0'

1979 1470 2043 1519 10

1971 1941 2033 1990 15

1960 2413 2026 2462 20

1949 2932 2015 2982 25
