<?xml version="1.0" encoding="UTF-8"?>
<!DOCTYPE html PUBLIC "-//W3C//DTD XHTML 1.0 Transitional//EN"
    "http://www.w3.org/TR/xhtml1/DTD/xhtml1-transitional.dtd">
<html xmlns="http://www.w3.org/1999/xhtml" xml:lang="en" lang="en">
 <head>
  <title>
</title>
<meta http-equiv="Content-Type" content="text/html;charset=utf-8" />
  <meta name='ocr-system' content='tesseract 3.04.00' />
  <meta name='ocr-capabilities' content='ocr_page ocr_carea ocr_par ocr_line ocrx_word'/>
</head>
<body>
  <div class='ocr_page' id='page_1' title='image "./qvaleriicatulli03catugoog_0125.png"; bbox 0 0 2588 4046; ppageno 0'>
   <div class='ocr_carea' id='block_1_1' title="bbox 217 243 356 317">
    <p class='ocr_par' dir='ltr' id='par_1_1' title="bbox 217 243 356 317">
     <span class='ocr_line' id='line_1_1' title="bbox 217 243 356 317; baseline 0.022 -18"><span class='ocrx_word' id='word_1_1' title='bbox 217 243 356 317; x_wconf 64' lang='grc' dir='ltr'><strong>ιιι]</strong></span> 
     </span>
    </p>
   </div>
   <div class='ocr_carea' id='block_1_2' title="bbox 989 244 1342 301">
    <p class='ocr_par' dir='ltr' id='par_1_2' title="bbox 989 244 1342 301">
     <span class='ocr_line' id='line_1_2' title="bbox 989 244 1342 301; baseline 0 0"><span class='ocrx_word' id='word_1_2' title='bbox 989 244 1202 301; x_wconf 85' lang='lat' dir='ltr'><strong>LIBER</strong></span> <span class='ocrx_word' id='word_1_3' title='bbox 1247 244 1342 301; x_wconf 91' lang='lat'>111.</span> 
     </span>
    </p>
   </div>
   <div class='ocr_carea' id='block_1_3' title="bbox 437 404 1737 743">
    <p class='ocr_par' dir='ltr' id='par_1_3' title="bbox 437 404 1737 743">
     <span class='ocr_line' id='line_1_3' title="bbox 437 404 1737 492; baseline 0.001 -21"><span class='ocrx_word' id='word_1_4' title='bbox 437 405 578 472; x_wconf 88' lang='lat' dir='ltr'><strong>Hac</strong></span> <span class='ocrx_word' id='word_1_5' title='bbox 622 409 757 472; x_wconf 85' lang='lat' dir='ltr'><strong>arte</strong></span> <span class='ocrx_word' id='word_1_6' title='bbox 803 406 1031 472; x_wconf 81' lang='lat' dir='ltr'><strong>Pollux</strong></span> <span class='ocrx_word' id='word_1_7' title='bbox 1074 409 1138 472; x_wconf 91' lang='lat' dir='ltr'><strong>et</strong></span> <span class='ocrx_word' id='word_1_8' title='bbox 1187 427 1386 492; x_wconf 79' lang='lat' dir='ltr'><strong>vagus</strong></span> <span class='ocrx_word' id='word_1_9' title='bbox 1430 404 1737 472; x_wconf 88' lang='lat' dir='ltr'><strong>Hercules</strong></span> 
     </span>
     <span class='ocr_line' id='line_1_4' title="bbox 438 488 1448 576; baseline -0.001 -20"><span class='ocrx_word' id='word_1_10' title='bbox 438 488 673 556; x_wconf 82' lang='lat' dir='ltr'><strong>Enisus</strong></span> <span class='ocrx_word' id='word_1_11' title='bbox 719 510 896 556; x_wconf 89' lang='lat' dir='ltr'><strong>arces</strong></span> <span class='ocrx_word' id='word_1_12' title='bbox 940 489 1156 576; x_wconf 84' lang='lat' dir='ltr'><strong>attigit</strong></span> <span class='ocrx_word' id='word_1_13' title='bbox 1196 490 1448 576; x_wconf 86' lang='lat' dir='ltr'><strong>igneas,</strong></span> 
     </span>
     <span class='ocr_line' id='line_1_5' title="bbox 533 574 1708 650; baseline 0 -11"><span class='ocrx_word' id='word_1_14' title='bbox 533 574 707 650; x_wconf 86' lang='lat' dir='ltr'><strong>Quos</strong></span> <span class='ocrx_word' id='word_1_15' title='bbox 750 575 917 639; x_wconf 88' lang='lat' dir='ltr'><strong>inter</strong></span> <span class='ocrx_word' id='word_1_16' title='bbox 959 574 1063 639; x_wconf 88' lang='lat' dir='ltr'><strong>Au</strong></span> <span class='ocrx_word' id='word_1_17' title='bbox 1155 576 1290 639; x_wconf 91' lang='lat' dir='ltr'><strong>stus</strong></span> <span class='ocrx_word' id='word_1_18' title='bbox 1335 574 1708 640; x_wconf 76' lang='lat' dir='ltr'><strong>recumbens</strong></span> 
     </span>
     <span class='ocr_line' id='line_1_6' title="bbox 634 657 1611 743; baseline 0 -20"><span class='ocrx_word' id='word_1_19' title='bbox 634 657 957 743; x_wconf 86' lang='lat' dir='ltr'><strong>Purpureo</strong></span> <span class='ocrx_word' id='word_1_20' title='bbox 1001 658 1068 723; x_wconf 89' lang='lat' dir='ltr'><strong>bi</strong></span> <span class='ocrx_word' id='word_1_21' title='bbox 1115 661 1180 723; x_wconf 91' lang='lat' dir='ltr'><strong>et</strong></span> <span class='ocrx_word' id='word_1_22' title='bbox 1222 678 1331 723; x_wconf 90' lang='lat' dir='ltr'><strong>ore</strong></span> <span class='ocrx_word' id='word_1_23' title='bbox 1373 660 1611 723; x_wconf 85' lang='lat' dir='ltr'><strong>nectar.</strong></span> 
     </span>
    </p>
   </div>
   <div class='ocr_carea' id='block_1_4' title="bbox 438 824 1853 1163">
    <p class='ocr_par' dir='ltr' id='par_1_4' title="bbox 438 824 1853 1163">
     <span class='ocr_line' id='line_1_7' title="bbox 439 824 1853 910; baseline 0 -19"><span class='ocrx_word' id='word_1_24' title='bbox 439 825 581 891; x_wconf 87' lang='lat' dir='ltr'><strong>Hac</strong></span> <span class='ocrx_word' id='word_1_25' title='bbox 623 829 688 891; x_wconf 92' lang='lat' dir='ltr'><strong>te</strong></span> <span class='ocrx_word' id='word_1_26' title='bbox 730 827 1079 892; x_wconf 91' lang='lat' dir='ltr'><strong>merentem</strong></span> <span class='ocrx_word' id='word_1_27' title='bbox 1156 824 1409 891; x_wconf 87' lang='lat' dir='ltr'><strong>Bacche</strong></span> <span class='ocrx_word' id='word_1_28' title='bbox 1452 828 1661 910; x_wconf 88' lang='lat' dir='ltr'><strong>pater,</strong></span> <span class='ocrx_word' id='word_1_29' title='bbox 1708 827 1853 891; x_wconf 86' lang='lat' dir='ltr'><strong>tuae</strong></span> 
     </span>
     <span class='ocr_line' id='line_1_8' title="bbox 438 874 1531 995; baseline 0 -20"><span class='ocrx_word' id='word_1_30' title='bbox 438 908 685 976; x_wconf 85' lang='lat' dir='ltr'><strong>Vexere</strong></span> <span class='ocrx_word' id='word_1_31' title='bbox 729 909 926 995; x_wconf 80' lang='lat' dir='ltr'><strong>tigres</strong></span> <span class='ocrx_word' id='word_1_32' title='bbox 941 959 960 993; x_wconf 88' lang='lat'><strong>,</strong></span> <span class='ocrx_word' id='word_1_33' title='bbox 1004 874 1265 976; x_wconf 81' lang='lat' dir='ltr'><strong>indocili</strong></span> <span class='ocrx_word' id='word_1_34' title='bbox 1310 908 1531 995; x_wconf 82' lang='lat' dir='ltr'><strong>iugum</strong></span> 
     </span>
     <span class='ocr_line' id='line_1_9' title="bbox 534 992 1627 1079; baseline -0.002 -19"><span class='ocrx_word' id='word_1_35' title='bbox 534 992 719 1060; x_wconf 84' lang='lat' dir='ltr'><strong>Collo</strong></span> <span class='ocrx_word' id='word_1_36' title='bbox 762 992 1117 1079; x_wconf 82' lang='lat' dir='ltr'><strong>trahentes3</strong></span> <span class='ocrx_word' id='word_1_37' title='bbox 1162 992 1282 1058; x_wconf 90' lang='lat' dir='ltr'><strong>hac</strong></span> <span class='ocrx_word' id='word_1_38' title='bbox 1327 993 1627 1069; x_wconf 82' lang='lat' dir='ltr'><strong>Quirinus</strong></span> 
     </span>
     <span class='ocr_line' id='line_1_10' title="bbox 635 1076 1734 1163; baseline -0.001 -22"><span class='ocrx_word' id='word_1_39' title='bbox 635 1076 861 1141; x_wconf 88' lang='lat' dir='ltr'><strong>Martis</strong></span> <span class='ocrx_word' id='word_1_40' title='bbox 907 1077 1083 1161; x_wconf 90' lang='lat' dir='ltr'><strong>equis</strong></span> <span class='ocrx_word' id='word_1_41' title='bbox 1128 1076 1495 1143; x_wconf 78' lang='lat' dir='ltr'><strong>Acheronta</strong></span> <span class='ocrx_word' id='word_1_42' title='bbox 1539 1077 1734 1163; x_wconf 81' lang='lat' dir='ltr'><strong>fugit,</strong></span> 
     </span>
    </p>
   </div>
   <div class='ocr_carea' id='block_1_5' title="bbox 440 1244 1602 1582">
    <p class='ocr_par' dir='ltr' id='par_1_5' title="bbox 440 1244 1602 1582">
     <span class='ocr_line' id='line_1_11' title="bbox 440 1244 1532 1312; baseline -0.002 0"><span class='ocrx_word' id='word_1_43' title='bbox 440 1246 711 1312; x_wconf 84' lang='lat' dir='ltr'><strong>Gratum</strong></span> <span class='ocrx_word' id='word_1_44' title='bbox 755 1246 1004 1311; x_wconf 90' lang='lat' dir='ltr'><strong>elocuta</strong></span> <span class='ocrx_word' id='word_1_45' title='bbox 1049 1244 1532 1311; x_wconf 72' lang='lat' dir='ltr'><strong>consiliantibus</strong></span> 
     </span>
     <span class='ocr_line' id='line_1_12' title="bbox 440 1327 1437 1412; baseline -0.001 -16"><span class='ocrx_word' id='word_1_46' title='bbox 440 1330 689 1396; x_wconf 93' lang='lat' dir='ltr'><strong>Iunone</strong></span> <span class='ocrx_word' id='word_1_47' title='bbox 733 1329 925 1394; x_wconf 85' lang='lat' dir='ltr'><strong>divis:</strong></span> <span class='ocrx_word' id='word_1_48' title='bbox 1001 1329 1222 1412; x_wconf 78' lang='lat' dir='ltr'><strong>‘Ilion,</strong></span> <span class='ocrx_word' id='word_1_49' title='bbox 1267 1327 1437 1395; x_wconf 93' lang='lat' dir='ltr'><strong>Ilion</strong></span> 
     </span>
     <span class='ocr_line' id='line_1_13' title="bbox 536 1412 1450 1498; baseline 0 -20"><span class='ocrx_word' id='word_1_50' title='bbox 536 1412 773 1479; x_wconf 86' lang='lat' dir='ltr'><strong>Fatalis</strong></span> <span class='ocrx_word' id='word_1_51' title='bbox 816 1414 1219 1498; x_wconf 78' lang='lat' dir='ltr'><strong>incestusque</strong></span> <span class='ocrx_word' id='word_1_52' title='bbox 1262 1412 1450 1478; x_wconf 86' lang='lat' dir='ltr'><strong>iudex</strong></span> 
     </span>
     <span class='ocr_line' id='line_1_14' title="bbox 635 1496 1602 1582; baseline -0.001 -19"><span class='ocrx_word' id='word_1_53' title='bbox 635 1496 723 1563; x_wconf 81' lang='lat' dir='ltr'><strong>Et</strong></span> <span class='ocrx_word' id='word_1_54' title='bbox 762 1496 990 1562; x_wconf 90' lang='lat' dir='ltr'><strong>mulier</strong></span> <span class='ocrx_word' id='word_1_55' title='bbox 1033 1496 1371 1582; x_wconf 83' lang='lat' dir='ltr'><strong>peregrina</strong></span> <span class='ocrx_word' id='word_1_56' title='bbox 1413 1498 1602 1563; x_wconf 84' lang='lat' dir='ltr'><strong>vertit</strong></span> 
     </span>
    </p>
   </div>
   <div class='ocr_carea' id='block_1_6' title="bbox 440 1646 1737 1817">
    <p class='ocr_par' dir='ltr' id='par_1_6' title="bbox 440 1646 1737 1817">
     <span class='ocr_line' id='line_1_15' title="bbox 440 1646 1737 1733; baseline -0.001 -18"><span class='ocrx_word' id='word_1_57' title='bbox 440 1649 521 1715; x_wconf 84' lang='lat' dir='ltr'><strong>In</strong></span> <span class='ocrx_word' id='word_1_58' title='bbox 565 1648 916 1733; x_wconf 86' lang='lat' dir='ltr'><strong>pulverem,</strong></span> <span class='ocrx_word' id='word_1_59' title='bbox 962 1669 1039 1713; x_wconf 89' lang='lat' dir='ltr'><strong>ex</strong></span> <span class='ocrx_word' id='word_1_60' title='bbox 1084 1668 1208 1732; x_wconf 91' lang='lat' dir='ltr'><strong>quo</strong></span> <span class='ocrx_word' id='word_1_61' title='bbox 1254 1646 1542 1714; x_wconf 77' lang='lat' dir='ltr'><strong>destituit</strong></span> <span class='ocrx_word' id='word_1_62' title='bbox 1586 1648 1737 1714; x_wconf 84' lang='lat' dir='ltr'><strong>deos</strong></span> 
     </span>
     <span class='ocr_line' id='line_1_16' title="bbox 442 1730 1611 1817; baseline -0.002 -19"><span class='ocrx_word' id='word_1_63' title='bbox 442 1731 735 1798; x_wconf 88' lang='lat' dir='ltr'><strong>Mercede</strong></span> <span class='ocrx_word' id='word_1_64' title='bbox 779 1735 969 1817; x_wconf 89' lang='lat' dir='ltr'><strong>pacta</strong></span> <span class='ocrx_word' id='word_1_65' title='bbox 1010 1730 1380 1798; x_wconf 78' lang='lat' dir='ltr'><strong>Laomedon</strong></span> <span class='ocrx_word' id='word_1_66' title='bbox 1453 1731 1611 1797; x_wconf 89' lang='lat' dir='ltr'><strong>mihi</strong></span> 
     </span>
    </p>
   </div>
   <div class='ocr_carea' id='block_1_7' title="bbox 538 1781 1669 1900">
    <p class='ocr_par' dir='ltr' id='par_1_7' title="bbox 538 1781 1669 1900">
     <span class='ocr_line' id='line_1_17' title="bbox 538 1781 1669 1900; baseline 0.002 -20"><span class='ocrx_word' id='word_1_67' title='bbox 538 1815 889 1900; x_wconf 73' lang='lat' dir='ltr'><strong>castaeque</strong></span> <span class='ocrx_word' id='word_1_68' title='bbox 935 1816 1301 1881; x_wconf 88' lang='lat' dir='ltr'><strong>damnatam</strong></span> <span class='ocrx_word' id='word_1_69' title='bbox 1344 1781 1669 1882; x_wconf 70' lang='lat' dir='ltr'><strong>Minervae</strong></span> 
     </span>
    </p>
   </div>
   <div class='ocr_carea' id='block_1_8' title="bbox 639 1898 1859 1984">
    <p class='ocr_par' dir='ltr' id='par_1_8' title="bbox 639 1898 1859 1984">
     <span class='ocr_line' id='line_1_18' title="bbox 639 1898 1859 1984; baseline 0.001 -19"><span class='ocrx_word' id='word_1_70' title='bbox 639 1898 801 1965; x_wconf 83' lang='lat' dir='ltr'><strong>Cum</strong></span> <span class='ocrx_word' id='word_1_71' title='bbox 841 1901 1082 1984; x_wconf 90' lang='lat' dir='ltr'><strong>populo</strong></span> <span class='ocrx_word' id='word_1_72' title='bbox 1127 1903 1191 1966; x_wconf 91' lang='lat' dir='ltr'><strong>et</strong></span> <span class='ocrx_word' id='word_1_73' title='bbox 1235 1899 1392 1966; x_wconf 91' lang='lat' dir='ltr'><strong>duce</strong></span> <span class='ocrx_word' id='word_1_74' title='bbox 1435 1900 1859 1966; x_wconf 83' lang='lat' dir='ltr'><strong>fraudulento.</strong></span> 
     </span>
    </p>
   </div>
   <div class='ocr_carea' id='block_1_9' title="bbox 442 2051 1813 2390">
    <p class='ocr_par' dir='ltr' id='par_1_9' title="bbox 442 2051 1813 2390">
     <span class='ocr_line' id='line_1_19' title="bbox 442 2051 1813 2137; baseline 0.001 -20"><span class='ocrx_word' id='word_1_75' title='bbox 442 2051 580 2118; x_wconf 86' lang='lat' dir='ltr'><strong>Iam</strong></span> <span class='ocrx_word' id='word_1_76' title='bbox 623 2071 741 2117; x_wconf 90' lang='lat' dir='ltr'><strong>nec</strong></span> <span class='ocrx_word' id='word_1_77' title='bbox 783 2051 1112 2118; x_wconf 90' lang='lat' dir='ltr'><strong>Lacaenae</strong></span> <span class='ocrx_word' id='word_1_78' title='bbox 1156 2052 1448 2137; x_wconf 87' lang='lat' dir='ltr'><strong>splendet</strong></span> <span class='ocrx_word' id='word_1_79' title='bbox 1491 2051 1813 2119; x_wconf 82' lang='lat' dir='ltr'><strong>adulterae</strong></span> 
     </span>
     <span class='ocr_line' id='line_1_20' title="bbox 444 2134 1739 2220; baseline 0 -18"><span class='ocrx_word' id='word_1_80' title='bbox 444 2135 752 2202; x_wconf 88' lang='lat' dir='ltr'><strong>Famosus</strong></span> <span class='ocrx_word' id='word_1_81' title='bbox 794 2134 1029 2220; x_wconf 82' lang='lat' dir='ltr'><strong>hospes</strong></span> <span class='ocrx_word' id='word_1_82' title='bbox 1071 2156 1189 2202; x_wconf 91' lang='lat' dir='ltr'><strong>nec</strong></span> <span class='ocrx_word' id='word_1_83' title='bbox 1232 2135 1471 2201; x_wconf 89' lang='lat' dir='ltr'><strong>Priami</strong></span> <span class='ocrx_word' id='word_1_84' title='bbox 1516 2136 1739 2202; x_wconf 91' lang='lat' dir='ltr'><strong>domus</strong></span> 
     </span>
     <span class='ocr_line' id='line_1_21' title="bbox 536 2219 1489 2306; baseline 0.001 -22"><span class='ocrx_word' id='word_1_85' title='bbox 536 2219 797 2286; x_wconf 88' lang='lat' dir='ltr'><strong>Periura</strong></span> <span class='ocrx_word' id='word_1_86' title='bbox 838 2240 1163 2306; x_wconf 80' lang='lat' dir='ltr'><strong>pugnaces</strong></span> <span class='ocrx_word' id='word_1_87' title='bbox 1207 2219 1489 2286; x_wconf 87' lang='lat' dir='ltr'><strong>Achivos</strong></span> 
     </span>
     <span class='ocr_line' id='line_1_22' title="bbox 637 2302 1614 2390; baseline 0 -21"><span class='ocrx_word' id='word_1_88' title='bbox 637 2302 971 2369; x_wconf 87' lang='lat' dir='ltr'><strong>Hectoreis</strong></span> <span class='ocrx_word' id='word_1_89' title='bbox 1017 2303 1244 2389; x_wconf 89' lang='lat' dir='ltr'><strong>opibus</strong></span> <span class='ocrx_word' id='word_1_90' title='bbox 1287 2303 1614 2390; x_wconf 83' lang='lat' dir='ltr'><strong>refringit,</strong></span> 
     </span>
    </p>
   </div>
   <div class='ocr_carea' id='block_1_10' title="bbox 443 2454 1760 2793">
    <p class='ocr_par' dir='ltr' id='par_1_10' title="bbox 443 2454 1760 2793">
     <span class='ocr_line' id='line_1_23' title="bbox 443 2454 1588 2540; baseline -0.001 -19"><span class='ocrx_word' id='word_1_91' title='bbox 443 2454 508 2522; x_wconf 92' lang='lat' dir='ltr'>N</span> <span class='ocrx_word' id='word_1_92' title='bbox 511 2454 823 2540; x_wconf 86' lang='lat' dir='ltr'><strong>ostrisque</strong></span> <span class='ocrx_word' id='word_1_93' title='bbox 868 2456 1127 2520; x_wconf 85' lang='lat' dir='ltr'><strong>ductum</strong></span> <span class='ocrx_word' id='word_1_94' title='bbox 1172 2454 1588 2520; x_wconf 84' lang='lat' dir='ltr'><strong>seditionibus</strong></span> 
     </span>
     <span class='ocr_line' id='line_1_24' title="bbox 444 2538 1760 2624; baseline 0 -19"><span class='ocrx_word' id='word_1_95' title='bbox 444 2538 697 2605; x_wconf 91' lang='lat' dir='ltr'><strong>Bellum</strong></span> <span class='ocrx_word' id='word_1_96' title='bbox 739 2539 992 2605; x_wconf 88' lang='lat' dir='ltr'><strong>resedit.</strong></span> <span class='ocrx_word' id='word_1_97' title='bbox 1082 2538 1382 2604; x_wconf 89' lang='lat' dir='ltr'><strong>Pr0tinus</strong></span> <span class='ocrx_word' id='word_1_98' title='bbox 1428 2542 1492 2605; x_wconf 90' lang='lat' dir='ltr'><strong>et</strong></span> <span class='ocrx_word' id='word_1_99' title='bbox 1534 2559 1760 2624; x_wconf 80' lang='lat' dir='ltr'><strong>graves</strong></span> 
     </span>
     <span class='ocr_line' id='line_1_25' title="bbox 537 2622 1477 2708; baseline -0.001 -20"><span class='ocrx_word' id='word_1_100' title='bbox 537 2622 675 2688; x_wconf 83' lang='lat' dir='ltr'><strong>Irae</strong></span> <span class='ocrx_word' id='word_1_101' title='bbox 719 2625 783 2688; x_wconf 89' lang='lat' dir='ltr'><strong>et</strong></span> <span class='ocrx_word' id='word_1_102' title='bbox 825 2622 1102 2688; x_wconf 87' lang='lat' dir='ltr'><strong>invisum</strong></span> <span class='ocrx_word' id='word_1_103' title='bbox 1143 2625 1477 2708; x_wconf 88' lang='lat' dir='ltr'><strong>nepotem,</strong></span> 
     </span>
     <span class='ocr_line' id='line_1_26' title="bbox 638 2705 1752 2793; baseline 0.001 -23"><span class='ocrx_word' id='word_1_104' title='bbox 638 2705 867 2773; x_wconf 89' lang='lat' dir='ltr'><strong>Troica</strong></span> <span class='ocrx_word' id='word_1_105' title='bbox 910 2727 1098 2790; x_wconf 91' lang='lat' dir='ltr'><strong>quem</strong></span> <span class='ocrx_word' id='word_1_106' title='bbox 1140 2707 1387 2793; x_wconf 90' lang='lat' dir='ltr'><strong>peperit</strong></span> <span class='ocrx_word' id='word_1_107' title='bbox 1430 2706 1752 2792; x_wconf 88' lang='lat' dir='ltr'><strong>sacerdos,</strong></span> 
     </span>
    </p>
   </div>
   <div class='ocr_carea' id='block_1_11' title="bbox 444 2856 1713 3194">
    <p class='ocr_par' dir='ltr' id='par_1_11' title="bbox 444 2856 1713 3194">
     <span class='ocr_line' id='line_1_27' title="bbox 444 2856 1713 2945; baseline 0 -22"><span class='ocrx_word' id='word_1_108' title='bbox 444 2856 638 2923; x_wconf 85' lang='lat' dir='ltr'><strong>Marti</strong></span> <span class='ocrx_word' id='word_1_109' title='bbox 679 2858 1034 2944; x_wconf 80' lang='lat' dir='ltr'><strong>redonab03</strong></span> <span class='ocrx_word' id='word_1_110' title='bbox 1079 2858 1260 2924; x_wconf 91' lang='lat' dir='ltr'><strong>illum</strong></span> <span class='ocrx_word' id='word_1_111' title='bbox 1306 2879 1425 2945; x_wconf 81' lang='lat' dir='ltr'><strong>ego</strong></span> <span class='ocrx_word' id='word_1_112' title='bbox 1471 2857 1713 2924; x_wconf 88' lang='lat' dir='ltr'><strong>lucidas</strong></span> 
     </span>
     <span class='ocr_line' id='line_1_28' title="bbox 447 2940 1462 3026; baseline 0 -19"><span class='ocrx_word' id='word_1_113' title='bbox 447 2940 617 3007; x_wconf 90' lang='lat' dir='ltr'><strong>Inire</strong></span> <span class='ocrx_word' id='word_1_114' title='bbox 661 2940 871 3026; x_wconf 92' lang='lat' dir='ltr'><strong>sedes,</strong></span> <span class='ocrx_word' id='word_1_115' title='bbox 916 2940 1143 3008; x_wconf 91' lang='lat' dir='ltr'><strong>ducere</strong></span> <span class='ocrx_word' id='word_1_116' title='bbox 1186 2942 1462 3007; x_wconf 84' lang='lat' dir='ltr'><strong>nectaris</strong></span> 
     </span>
     <span class='ocr_line' id='line_1_29' title="bbox 540 3024 1438 3110; baseline -0.001 -18"><span class='ocrx_word' id='word_1_117' title='bbox 540 3024 738 3092; x_wconf 84' lang='lat' dir='ltr'><strong>Sucos</strong></span> <span class='ocrx_word' id='word_1_118' title='bbox 783 3028 848 3091; x_wconf 91' lang='lat' dir='ltr'><strong>et</strong></span> <span class='ocrx_word' id='word_1_119' title='bbox 890 3024 1163 3091; x_wconf 87' lang='lat' dir='ltr'><strong>adscribi</strong></span> <span class='ocrx_word' id='word_1_120' title='bbox 1208 3026 1438 3110; x_wconf 88' lang='lat' dir='ltr'><strong>quietis</strong></span> 
     </span>
     <span class='ocr_line' id='line_1_30' title="bbox 642 3108 1563 3194; baseline 0.001 -19"><span class='ocrx_word' id='word_1_121' title='bbox 642 3108 987 3175; x_wconf 88' lang='lat' dir='ltr'><strong>Ordinibus</strong></span> <span class='ocrx_word' id='word_1_122' title='bbox 1030 3109 1239 3194; x_wconf 86' lang='lat' dir='ltr'><strong>patiar</strong></span> <span class='ocrx_word' id='word_1_123' title='bbox 1283 3110 1563 3176; x_wconf 90' lang='lat' dir='ltr'><strong>deorum.</strong></span> 
     </span>
    </p>
   </div>
   <div class='ocr_carea' id='block_1_12' title="bbox 447 3258 1772 3514">
    <p class='ocr_par' dir='ltr' id='par_1_12' title="bbox 447 3258 1772 3514">
     <span class='ocr_line' id='line_1_31' title="bbox 447 3258 1601 3347; baseline 0 -21"><span class='ocrx_word' id='word_1_124' title='bbox 447 3258 618 3326; x_wconf 89' lang='lat' dir='ltr'><strong>Dum</strong></span> <span class='ocrx_word' id='word_1_125' title='bbox 660 3261 892 3347; x_wconf 82' lang='lat' dir='ltr'><strong>longus</strong></span> <span class='ocrx_word' id='word_1_126' title='bbox 937 3261 1105 3326; x_wconf 86' lang='lat' dir='ltr'><strong>inter</strong></span> <span class='ocrx_word' id='word_1_127' title='bbox 1146 3262 1388 3326; x_wconf 86' lang='lat' dir='ltr'><strong>saeviet</strong></span> <span class='ocrx_word' id='word_1_128' title='bbox 1433 3259 1601 3326; x_wconf 93' lang='lat' dir='ltr'><strong>Ilion</strong></span> 
     </span>
     <span class='ocr_line' id='line_1_32' title="bbox 447 3342 1772 3430; baseline 0.001 -20"><span class='ocrx_word' id='word_1_129' title='bbox 447 3342 843 3429; x_wconf 83' lang='lat' dir='ltr'><strong>Romamque</strong></span> <span class='ocrx_word' id='word_1_130' title='bbox 887 3346 1152 3430; x_wconf 90' lang='lat' dir='ltr'><strong>pontus,</strong></span> <span class='ocrx_word' id='word_1_131' title='bbox 1198 3344 1482 3429; x_wconf 89' lang='lat' dir='ltr'><strong>qualibet</strong></span> <span class='ocrx_word' id='word_1_132' title='bbox 1526 3344 1772 3411; x_wconf 85' lang='lat' dir='ltr'><strong>exsules</strong></span> 
     </span>
     <span class='ocr_line' id='line_1_33' title="bbox 541 3427 1447 3514; baseline 0 -20"><span class='ocrx_word' id='word_1_133' title='bbox 541 3427 618 3494; x_wconf 93' lang='lat' dir='ltr'><strong>In</strong></span> <span class='ocrx_word' id='word_1_134' title='bbox 706 3432 843 3494; x_wconf 86' lang='lat' dir='ltr'><strong>arte</strong></span> <span class='ocrx_word' id='word_1_135' title='bbox 888 3432 1201 3514; x_wconf 82' lang='lat' dir='ltr'><strong>regnanto</strong></span> <span class='ocrx_word' id='word_1_136' title='bbox 1247 3428 1447 3514; x_wconf 85' lang='lat' dir='ltr'><strong>beati3</strong></span> 
     </span>
    </p>
   </div>
   <div class='ocr_carea' id='block_1_13' title="bbox 701 3512 1740 3598">
    <p class='ocr_par' dir='ltr' id='par_1_13' title="bbox 701 3512 1740 3598">
     <span class='ocr_line' id='line_1_34' title="bbox 701 3512 1740 3598; baseline -0.002 -19"><span class='ocrx_word' id='word_1_137' title='bbox 701 3534 813 3579; x_wconf 92' lang='lat' dir='ltr'><strong>um</strong></span> <span class='ocrx_word' id='word_1_138' title='bbox 855 3512 1095 3578; x_wconf 86' lang='lat' dir='ltr'><strong>Priami</strong></span> <span class='ocrx_word' id='word_1_139' title='bbox 1137 3512 1510 3598; x_wconf 90' lang='lat' dir='ltr'><strong>Paridisque</strong></span> <span class='ocrx_word' id='word_1_140' title='bbox 1555 3512 1740 3578; x_wconf 89' lang='lat' dir='ltr'><strong>busto</strong></span> 
     </span>
    </p>
   </div>
   <div class='ocr_carea' id='block_1_14' title="bbox 1971 3459 2024 3486">
    <p class='ocr_par' dir='ltr' id='par_1_14' title="bbox 1971 3459 2024 3486">
     <span class='ocr_line' id='line_1_35' title="bbox 1971 3459 2024 3486; baseline 0 0"><span class='ocrx_word' id='word_1_141' title='bbox 1971 3459 2024 3486; x_wconf 55' lang='lat' dir='ltr'>Q</span> 
     </span>
    </p>
   </div>
   <div class='ocr_carea' id='block_1_15' title="bbox 2096 501 2157 550">
    <p class='ocr_par' dir='ltr' id='par_1_15' title="bbox 2096 501 2157 550">
     <span class='ocr_line' id='line_1_36' title="bbox 2096 501 2157 550; baseline 0.016 -1"><span class='ocrx_word' id='word_1_142' title='bbox 2096 501 2157 550; x_wconf 87' lang='lat'><strong>10</strong></span> 
     </span>
    </p>
   </div>
   <div class='ocr_carea' id='block_1_16' title="bbox 2096 1006 2156 1055">
    <p class='ocr_par' dir='ltr' id='par_1_16' title="bbox 2096 1006 2156 1055">
     <span class='ocr_line' id='line_1_37' title="bbox 2096 1006 2156 1055; baseline 0.017 -1"><span class='ocrx_word' id='word_1_143' title='bbox 2096 1006 2156 1055; x_wconf 73' lang='lat'><strong>15</strong></span> 
     </span>
    </p>
   </div>
   <div class='ocr_carea' id='block_1_17' title="bbox 2093 1510 2158 1559">
    <p class='ocr_par' dir='ltr' id='par_1_17' title="bbox 2093 1510 2158 1559">
     <span class='ocr_line' id='line_1_38' title="bbox 2093 1510 2158 1559; baseline 0.015 -1"><span class='ocrx_word' id='word_1_144' title='bbox 2093 1510 2158 1559; x_wconf 80' lang='lat'><strong>20</strong></span> 
     </span>
    </p>
   </div>
   <div class='ocr_carea' id='block_1_18' title="bbox 2093 2066 2157 2116">
    <p class='ocr_par' dir='ltr' id='par_1_18' title="bbox 2093 2066 2157 2116">
     <span class='ocr_line' id='line_1_39' title="bbox 2093 2066 2157 2116; baseline 0.031 -2"><span class='ocrx_word' id='word_1_145' title='bbox 2093 2066 2157 2116; x_wconf 70' lang='lat'><strong>25</strong></span> 
     </span>
    </p>
   </div>
   <div class='ocr_carea' id='block_1_19' title="bbox 2094 2549 2161 2603">
    <p class='ocr_par' dir='ltr' id='par_1_19' title="bbox 2094 2549 2161 2603">
     <span class='ocr_line' id='line_1_40' title="bbox 2094 2549 2161 2603; baseline -0.015 0"><span class='ocrx_word' id='word_1_146' title='bbox 2094 2549 2161 2603; x_wconf 82' lang='lat'><strong>80</strong></span> 
     </span>
    </p>
   </div>
   <div class='ocr_carea' id='block_1_20' title="bbox 2096 3038 2162 3090">
    <p class='ocr_par' dir='ltr' id='par_1_20' title="bbox 2096 3038 2162 3090">
     <span class='ocr_line' id='line_1_41' title="bbox 2096 3038 2162 3090; baseline 0.03 -2"><span class='ocrx_word' id='word_1_147' title='bbox 2096 3038 2162 3090; x_wconf 79' lang='lat'><strong>35</strong></span> 
     </span>
    </p>
   </div>
   <div class='ocr_carea' id='block_1_21' title="bbox 2100 3522 2163 3574">
    <p class='ocr_par' dir='ltr' id='par_1_21' title="bbox 2100 3522 2163 3574">
     <span class='ocr_line' id='line_1_42' title="bbox 2100 3522 2163 3574; baseline 0.016 -1"><span class='ocrx_word' id='word_1_148' title='bbox 2100 3522 2163 3574; x_wconf 76' lang='lat'><strong>40</strong></span> 
     </span>
    </p>
   </div>
  </div>
 </body>
</html>
