2588 4046
666 652 739 728 Q.
782 558 1144 717 ΗΟΒᾼἹῊ
1187 653 1496 721 FLAGOl

526 817 1620 920 oARMINVM

813 1017 1028 1071 LIBER
1059 1018 1348 1075 PRIMVS.

1047 1156 1086 1230 I

293 1253 671 1351 Maecenas
716 1287 917 1352 atavis
963 1287 1128 1351 edite
1171 1288 1460 1373 regibus,

292 1368 343 1432 Ο
387 1374 451 1433 et
492 1371 885 1454 praesidium
928 1375 993 1434 et
1034 1371 1217 1436 dulce
1262 1371 1452 1436 decus
1495 1393 1736 1455 meum,

292 1451 450 1517 Sunt
494 1475 658 1551 quos
703 1444 1013 1519 curricfflo
1057 1456 1384 1539 pulverem
1430 1456 1832 1541 Olympicum

292 1535 644 1623 Colleg1sse
686 1538 891 1622 iuvat,
937 1542 1230 1622 metaque
1273 1540 1535 1604 fervidis

289 1669 549 1735 Evitata
588 1673 748 1736 rotis
792 1673 1129 1757 palmaque
1172 1674 1409 1738 nobilis

292 1753 631 1820 Terrarum
675 1756 967 1821 dominos
1013 1757 1224 1822 evehit
1267 1757 1349 1821 ad
1394 1757 1575 1841 deos3

289 1836 506 1922 Hunc,
554 1840 610 1903 si
651 1840 985 1905 mobilium
1026 1842 1216 1905 turba
1260 1841 1604 1918 Quiritium

290 1920 511 1986 Cerbat
551 1925 924 2009 tergeminis
966 1926 1191 1990 tollere
1233 1925 1616 2011 honoribus3

291 2056 509 2141 Illum,
557 2059 614 2122 si
654 2080 772 2142 pro
818 2060 914 2123 rio
960 2060 1244 2125 condidit
1284 2060 1514 2124 horreo
1526 2110 1545 2144 ‚

294 2140 614 2225 Quidquid
658 2142 735 2206 de
831 2144 1034 2227 ibycis
1077 2145 1349 2208 verrifiur
1393 2145 1575 2210 areis.

295 2223 693 2290 Gaudenizem
736 2229 977 2323 patrios
1023 2228 1264 2293 findere
1310 2230 1556 2293 sarculo

292 2309 502 2394 Agros
545 2310 844 2375 Attahois
890 2313 1369 2376 condicionibus

292 2442 659 2528 Numquam
689 2446 1056 2530 demoveas,
1099 2449 1171 2510 ut
1211 2447 1393 2511 trabe
1438 2446 1674 2530 Cypria

292 2525 617 2610 Myrtoum
657 2530 925 2612 pavidus
968 2533 1166 2595 nauta
1210 2533 1382 2595 secet
1421 2552 1614 2595 mare.

292 2609 671 2677 Luctanssem
712 2612 934 2677 Icariis
977 2614 1275 2678 fluctibus
1320 2615 1612 2678 Africum

292 2693 613 2761 Mercator
652 2700 941 2762 metuens
1018 2699 1216 2761 otium
1263 2702 1328 2762 et
1370 2698 1590 2782 oppidi

291 2828 542 2894 Laudat
582 2853 732 2896 rura
774 2832 901 2929 sui3
946 2853 1098 2896 mox
1139 2833 1345 2897 reficit
1385 2835 1555 2897 rates

291 2914 599 2999 Quassus,
643 2916 936 2980 indocihs
980 2917 1349 3000 pauperiem
1390 2917 1545 2999 pati.

287 2996 409 3061 Est
453 2999 563 3082 qui
606 3021 724 3064 nec
766 3001 996 3065 veteris
1085 3001 1270 3065 ocula
1312 3000 1573 3064 Massici

290 3080 429 3145 Nec
473 3085 719 3165 partem
765 3084 968 3148 solido
1058 3106 1263 3149 emere
1310 3084 1386 3148 de
1433 3085 1533 3148 die

292 3213 580 3300 Spernit,
624 3239 795 3283 nunc
837 3219 1023 3283 viridi
1064 3219 1353 3283 membra
1396 3220 1512 3285 sub
1558 3220 1783 3285 arbuto

293 3297 546 3364 Stratus
589 3322 760 3366 nunc
805 3302 886 3366 ad
932 3324 1132 3386 aquae
1176 3304 1320 3368 lene
1366 3309 1559 3389 caput
1603 3326 1840 3372 sacrae.

289 3380 535 3447 Multos
581 3388 786 3450 castra
827 3388 1050 3451 iuvant
1093 3391 1158 3452 ef,
1198 3389 1360 3453 lituo
1402 3389 1595 3454 tubae

288 3464 653 3534 Permixtas
699 3472 940 3537 sonitus
985 3471 1277 3557 bellaque
1320 3474 1631 3539 matribus

229 3564 479 3611 noum
1718 3579 1745 3629 1

1985 2158 2050 2207 10

1985 2626 2052 2676 15

1984 3097 2054 3148 20
