2588 4046
493 265 572 329 14
1253 270 1650 328 OARMINVM

487 445 518 495 5
606 433 850 498 Nereus
895 434 1047 498 fata.
1122 433 1321 497 ‘Mala
1364 434 1541 498 ducis
1587 434 1687 497 avi
1732 432 2017 501 domum,

614 518 819 593 Quam
861 520 1064 582 multo
1109 521 1353 601 repetet
1400 517 1668 582 Graecia
1709 517 1938 599 milite,

615 600 967 666 Coniurata
1007 605 1151 665 tuas
1195 623 1486 684 rumpere
1535 601 1792 686 nuptias

697 686 785 750 Et
827 708 1096 771 regnum
1137 684 1377 749 Priami
1419 688 1619 750 vetus,

610 818 823 898 Eheu,
871 818 1141 900 quantus
1187 815 1395 898 equiS,
1443 821 1715 915 quantus
1761 817 1940 880 adest
1982 816 2135 880 viris

494 912 556 961 ιο
620 898 854 966 Sudor!
903 902 1142 983 quanta
1184 919 1400 963 moves
1446 902 1668 963 funera
1710 898 2047 962 Dardanae

621 982 841 1048 Genti!
888 984 1027 1047 Iam
1069 984 1323 1069 galeam
1363 982 1577 1046 Pallas
1623 986 1688 1047 et
1730 983 1957 1068 aegida

703 1067 1062 1151 Currusque
1109 1070 1173 1132 et
1212 1067 1455 1131 rabiem
1500 1071 1699 1150 parat.

616 1201 1018 1286 Nequiquam
1060 1201 1329 1266 Veneris
1373 1202 1687 1285 praesidio
1733 1200 1910 1265 ferox

615 1285 838 1351 Pectes
884 1286 1258 1369 caesariem,
1304 1288 1609 1370 grataque
1653 1286 1906 1350 feminis

496 1383 555 1432 15
621 1369 851 1434 Inbelli
897 1369 1141 1434 cithara
1183 1370 1465 1434 carmina
1498 1369 1805 1453 †divides;

702 1454 1106 1538 Nequiquam
1150 1454 1433 1518 thalamo
1476 1454 1730 1539 graves

616 1590 852 1654 Hastas
898 1592 963 1653 et
1005 1589 1232 1653 calami
1276 1589 1521 1674 spicula
1554 1588 1773 1655 Cnosii

617 1673 867 1739 Vitabis
912 1674 1369 1757 strepitumque
1414 1676 1478 1738 et
1517 1675 1784 1738 celerem
1828 1674 2004 1757 sequi

617 1759 915 1822 Aiacem:
961 1762 1204 1841 tamen,
1251 1758 1372 1821 heu
1419 1761 1624 1822 serus!
1683 1757 2003 1822 adulteros

491 1856 557 1905 20
705 1842 929 1908 Crines
972 1842 1229 1926 pulvere
1273 1842 1556 1907 collines.

617 1977 770 2044 Non
812 1976 1220 2060 Laertiaden,
1267 1977 1528 2042 exitium
1570 1980 1718 2043 tuae

621 2062 842 2145 Genti,
889 2082 1023 2125 non
1065 2061 1319 2144 Pylium
1362 2062 1638 2127 Nestora
1679 2062 1993 2146 respicis?

620 2146 709 2212 Vr
800 2149 911 2210 ent
954 2145 1236 2229 inpavidi
1278 2148 1344 2210 te
1389 2146 1771 2211 Salaminius

703 2168 975 2313 ffiucer,
1019 2233 1083 2293 te
1129 2228 1469 2294 Sthenelus
1480 2280 1500 2315 ,
1547 2231 1754 2295 sciens

494 2379 556 2427 25
622 2365 914 2450 Pugnae,
962 2364 1091 2428 sive
1136 2384 1296 2448 opus
1342 2368 1439 2429 est
1479 2365 1843 2450 imperitare
1888 2364 2094 2447 equis,

617 2449 769 2514 Non
812 2449 947 2512 auri
1077 2449 1278 2533 piger.
1367 2448 1701 2513 Merionen
1744 2470 1992 2533 quoque

619 2533 881 2600 Nosces
950 2470 1137 2597 ῗοοε
1179 2532 1439 2614 furit,te
1482 2534 1757 2618 reperire
1800 2536 2005 2611 atrox,

702 2617 977 2700 Tydides
1021 2617 1245 2680 melior
1287 2619 1497 2700 patre,

619 2752 822 2828 Quem
864 2755 963 2835 tu,
1010 2772 1229 2815 cervus
1272 2752 1369 2814 uti
1413 2752 1597 2815 vallis
1640 2753 1704 2816 in
1754 2753 1953 2815 altera

492 2851 558 2900 30
620 2836 848 2901 Visum
890 2838 1070 2919 parte
1114 2836 1334 2918 lupum
1374 2835 1683 2920 graminis
1726 2837 2066 2917 inmemor,

620 2920 891 2986 Sublimi
934 2920 1143 3004 fugies
1186 2919 1398 2983 mollis
1443 2919 1759 3004 anhelitu,

702 3004 856 3070 Non
899 3003 1022 3067 hoc
1063 3003 1388 3087 pollicitus
1437 3007 1604 3084 tuae,

619 3139 933 3205 Iracunda
975 3138 1143 3203 diem
1186 3139 1468 3222 proferet
1507 3138 1629 3202 Ilio

620 3224 1057 3306 Matronisque
1100 3222 1426 3307 Phrygum
1471 3222 1690 3286 elassis
1734 3222 2036 3303 Achillei3

497 3321 559 3370 35
617 3307 774 3372 Post
818 3313 1021 3372 certas
1065 3307 1306 3371 hiemes
1349 3308 1491 3370 uret
1532 3306 1850 3370 Achaicus

706 3392 885 3477 Ignis
931 3392 1312 3477 Pergameas
1360 3388 1621 3454 domos’.

2269 266 2411 339 [xv.
