2588 4046
175 254 342 328 1111.]

961 252 1177 308 LIBER
1218 251 1344 310 1111.

450 416 605 482 Non
645 416 849 499 hydra
889 417 1063 479 secto
1104 435 1370 498 corpore
1412 414 1654 479 firmior

450 499 645 565 Vinci
689 499 1012 564 dolentem
1056 499 1255 563 crevit
1297 499 1368 562 in
1408 498 1781 584 Herculem,

544 584 979 648 Monstrumve
1023 583 1372 648 submisere
1416 581 1640 648 Colchi

629 668 837 733 Maius
878 666 1310 732 Echioniaeve
1354 665 1627 731 Thebae.

467 785 709 850 Merses
751 784 1090 869 profunde,
1143 783 1471 868 pulchrior
1515 784 1754 868 evenit3

452 869 720 935 Luctero
730 920 748 952 ,
814 868 1016 932 multa
1056 868 1306 951 proruit
1347 867 1668 952 integrum

548 952 712 1019 Cum
754 952 937 1017 laude
979 952 1286 1016 victorem
1377 951 1620 1034 eritque

630 1036 883 1101 Proelia
925 1035 1302 1121 coniugibus
1371 1035 1679 1118 oquenda.

454 1154 829 1239 Carthagini
870 1154 999 1217 iam
1040 1173 1175 1218 non
1217 1173 1340 1249 ego
1382 1151 1642 1217 nuntios

456 1238 712 1303 Mittam
754 1237 1087 1321 superbos:
1144 1236 1407 1320 occldit,
1453 1237 1687 1301 occidit

549 1322 705 1407 Spes
751 1322 958 1386 omnis
1004 1323 1070 1385 et
1110 1320 1370 1385 fortuna
1410 1320 1617 1384 nostri

630 1405 928 1472 Nominis
956 1403 1355 1469 Hasdrubale
1397 1404 1798 1489 interempt0.

454 1523 568 1589 Nil
610 1522 909 1589 Claudiae
950 1542 1085 1587 non
1125 1522 1465 1605 perficiunt
1505 1543 1729 1586 manus
1740 1571 1760 1606 ,

459 1607 628 1683 Quas
673 1610 739 1671 et
780 1606 1060 1691 benigno
1103 1606 1368 1670 numine
1410 1605 1699 1690 Iuppiter

547 1689 853 1772 Defendit
927 1693 991 1755 et
1034 1710 1217 1755 curae
1261 1710 1520 1774 sagaces

631 1773 998 1859 Expediunt
1038 1795 1153 1858 per
1196 1776 1384 1838 acuta
1426 1773 1621 1838 belli.'

1111 2029 1198 2105 V.

452 2163 636 2227 Divis
679 2164 816 2226 orte
859 2161 1045 2227 bonis
1057 2209 1076 2244 ,
1123 2161 1362 2245 optime
1404 2161 1714 2227 Romulae

453 2246 684 2313 Custos
728 2246 972 2331 gentis,
1017 2245 1167 2309 abes
1211 2245 1340 2309 iam
1381 2246 1651 2310 nimium
1696 2246 1834 2331 diu3

453 2330 775 2395 Maturum
817 2329 1089 2394 reditum
1131 2329 1455 2413 pollicitus
1498 2333 1751 2414 patrum

548 2413 783 2479 Sancto
827 2413 1097 2478 consilio
1139 2413 1294 2479 redi.

450 2530 689 2595 Lucem
731 2529 922 2595 redde
964 2533 1140 2614 tuae,
1186 2530 1313 2594 dux
1354 2531 1551 2614 bone,
1595 2532 1869 2614 patriae:

451 2614 665 2679 Instar
706 2615 871 2679 veris
915 2615 1085 2679 enim
1127 2614 1336 2679 voltus
1379 2614 1489 2679 ubi
1533 2617 1678 2679 tuus

452 2698 740 2762 Adfulsit
780 2698 1017 2782 populo
1031 2746 1050 2781 ,
1093 2699 1336 2784 gratior
1377 2699 1430 2762 it
1473 2697 1605 2762 dies

545 2781 634 2846 Et
676 2782 842 2847 soles
884 2782 1109 2847 melius
1152 2782 1381 2847 nitent.

450 2899 544 2964 Vt
584 2902 786 2964 mater
827 2899 1147 2983 iuvenem,
1193 2920 1381 2983 quem
1423 2898 1633 2965 Notus
1677 2900 1892 2966 invido

452 2982 640 3048 Flatu
685 2982 1014 3067 Carpathii
1056 2986 1233 3048 trans
1276 2983 1471 3047 maris
1516 3004 1789 3066 aequora

453 3066 877 3133 Cunctantem
920 3067 1125 3150 spatio
1169 3068 1426 3153 longius
1469 3088 1680 3132 annuo

546 3149 737 3216 Dulci
781 3150 1044 3215 distinet
1085 3173 1123 3215 a
1166 3151 1357 3216 domo
1369 3199 1389 3235 ‚

451 3266 641 3332 Votis
686 3268 1135 3351 ominibusque.
1173 3271 1238 3332 et
1277 3268 1571 3352 precibus
1615 3271 1831 3352 vocat,

308 3386 328 3401 ·
452 3350 658 3417 Curvo
701 3373 822 3417 nec
863 3352 1092 3416 faciem
1133 3352 1321 3416 litore
1364 3353 1673 3418 dimovet:

451 3434 560 3501 Sic
604 3435 927 3501 desideriis
972 3437 1101 3501 icta
1143 3436 1433 3501 fidelibus

546 3518 805 3594 Quaerit
846 3520 1056 3604 patria
1100 3520 1452 3587 Caesarem.

2062 798 2126 847 65

2061 1251 2128 1302 ‘10

2062 1704 2126 1754 ‘15

2062 3000 2125 3049 10
