2588 4046
195 239 287 313 u]
986 238 1203 294 usna
1230 239 1302 295 11.
1519 262 1546 283 ·
1994 232 2120 300 223

192 400 413 478 Quivis
454 399 653 465 ferret
678 398 866 465 idem.
939 398 1150 466 Semel
1189 400 1299 465 hic
1329 401 1600 466 cessavit
1638 403 1732 485 et,
1774 404 1849 467 ut
1888 401 1993 486 fit,

189 485 271 550 In
314 484 506 550 scalis
549 484 741 549 latuit
780 486 1071 550 metuens
1160 484 1453 549 endentis
1494 484 1810 549 habenae·
2056 498 2119 548 15

193 568 330 633 Des
371 589 700 650 nummos,
747 570 1013 652 excepta
1105 569 1120 581 '
1174 569 1189 582 ’
1257 571 1324 634 te
1366 569 1423 633 si
1463 569 1622 667 fuga
1662 534 1912 635 laedit?

189 652 310 716 Ille
353 653 522 717 ferat
560 652 841 736 pretium
877 672 1126 749 poenae
1169 673 1428 717 securus
1471 674 1716 737 opmor.

189 735 478 801 Prudens
522 736 735 800 emisti
776 736 1109 819 vitiosum,
1154 736 1325 801 dicta
1363 737 1549 801 tibist
1589 737 1720 801 lex:

189 820 555 903 Insequeris
596 822 818 884 tamen
858 819 1030 885 hune
1074 822 1139 884 et
1179 821 1293 886 lite
1335 821 1604 885 moraris
1646 820 1910 904 iniqua?

189 903 345 968 Dixi
385 925 490 968 me
531 904 790 989 pigrum
829 904 1261 988 proficiscenti
1303 905 1423 969 tibi
1434 953 1455 989 ,
1499 904 1632 968 dixi
2053 918 2122 969 ιο

190 987 457 1053 Talibus
500 987 730 1053 officiis
772 1008 973 1071 prope
1015 1009 1315 1053 mancum
1325 1038 1345 1072 ,
1387 1010 1471 1053 ne
1512 1009 1657 1053 mea
1700 1009 1925 1054 saevus

190 1071 489 1169 Iul-gates
533 1071 615 1135 ad
657 1073 723 1136 te
767 1070 937 1155 quod
980 1072 1253 1156 epistola
1289 1073 1472 1137 nulla
1511 1072 1765 1137 rediret.

192 1154 362 1231 de
403 1157 543 1219 tum
583 1155 862 1239 profeci,
904 1176 1156 1220 mecum
1196 1156 1502 1222 facientia
1543 1158 1684 1222 iura

192 1239 263 1305 Si
304 1242 525 1304 tamen
567 1238 956 1324 attemptas‘?
1036 1240 1334 1315 Quereris
1378 1262 1579 1390 mpgrd
1606 1241 1730 1305 hoe
1773 1241 1995 1327 etiam,

1453 1347 1496 1389 u

190 1407 581 1491 Exspectata
628 1407 748 1472 tibi
789 1428 925 1472 non
964 1408 1219 1473 mittam
1262 1348 1548 1474 carnilma
1588 1409 1883 1475 mendax.
2054 1422 2121 1473 25

190 1491 446 1557 Luculli
487 1491 673 1555 miles
715 1491 986 1556 collecta
1025 1493 1260 1557 viatica
1301 1494 1520 1558 multis

191 1575 567 1659 Aerumnis,
611 1575 818 1640 lassus
862 1574 1014 1640 dum
1054 1580 1251 1641 noctu
1294 1578 1535 1662 stertit,
1580 1577 1662 1641 ad
1704 1598 1912 1642 assem

190 1658 594 1725 Perdiderat:
636 1662 787 1743 post
817 1658 942 1724 hoe
969 1680 1227 1725 vemens
1256 1661 1445 1745 lupus
1476 1664 1542 1725 et
1568 1661 1692 1726 sibi
1720 1662 1787 1725 et
1825 1661 1996 1726 hosti

192 1744 404 1809 Iratus
491 1743 714 1825 ariter,
759 1743 990 1808 ieiunis
1034 1743 1332 1810 dentibus
1376 1765 1551 1829 acer,

190 1827 415 1893 Praesi
464 1828 593 1892 'um
634 1826 850 1912 regale
893 1827 1035 1892 loco
1081 1828 1312 1894 deiecit
1383 1831 1456 1893 ut
1497 1829 1707 1911 aiunt,
2055 1842 2123 1892 30

193 1912 455 1978 Summe
497 1912 747 1976 munito
793 1914 860 1975 et
899 1912 1246 1977 multarum
1287 1877 1485 1978 divite
1526 1934 1756 1979 rerum.

193 1997 421 2064 Clarus
465 1996 549 2062 ob
593 1996 661 2062 id
701 1995 941 2061 factum
951 2045 972 2081 ,
1018 1995 1203 2062 donis
1246 2001 1509 2064 ornatur
1548 1997 1868 2083 honestis,

191 2081 452 2166 Accipit
493 2084 560 2146 et
600 2080 701 2144 bis
745 2079 909 2146 dena
951 2102 1144 2165 super
1184 2084 1477 2148 sestertia
1514 2103 1867 2148 nummum.

192 2166 386 2231 Forte
429 2165 548 2230 sub
588 2164 715 2230 hoc
754 2167 1007 2250 tempus
1051 2167 1382 2232 castellum
1425 2170 1705 2232 evertere
1744 2169 2002 2251 praetor

191 2249 430 2316 Nescio
474 2249 644 2334 quod
686 2249 981 2346 cupiens,
1023 2250 1265 2315 hortari
1310 2252 1522 2336 coepit
1563 2251 1835 2317 eundem
2055 2263 2122 2314 85

192 2333 448 2419 Verbis,
471 2355 633 2418 quae
652 2333 878 2398 fimido
902 2354 1152 2418 quoque
1172 2338 1441 2419 possent
1460 2336 1688 2401 addere
1708 2338 2016 2401 mentem:

195 2418 254 2483 ‘I
296 2418 495 2501 bone,
540 2438 666 2501 quo
710 2418 910 2483 virtus
953 2421 1067 2482 tua
1107 2420 1173 2483 te
1215 2422 1435 2503 vocat,
1478 2421 1503 2484 i
1543 2420 1705 2504 pede
1747 2420 1990 2503 fausto,

196 2501 483 2568 Grandia
522 2502 766 2566 laturus
807 2502 1182 2567 meritorum
1221 2504 1525 2586 praemia.
1580 2502 1747 2580 Quid
1789 2503 1992 2567 stas?’

193 2587 355 2652 Post
395 2585 554 2650 haec
596 2586 707 2650 ille
750 2589 957 2670 catus,
1003 2588 1412 2670 quantumvis
1454 2588 1729 2652 rusticus
1772 2587 1943 2671 ‘ibit,

194 2671 326 2735 Ibit
367 2691 476 2754 eo,
520 2691 645 2753 quo
688 2670 816 2753 vis,
861 2671 969 2768 qui
1012 2692 1242 2735 zonam
1283 2671 1585 2755 perdidit'
1629 2671 1858 2754 inquit.
2057 2683 2125 2733 40

194 2754 439 2820 Romae
479 2753 711 2818 nutriri
752 2753 913 2818 miln
956 2756 1231 2841 contigit
1272 2759 1463 2840 atque
1507 2755 1721 2820 doceri
1734 2804 1754 2838 ,

195 2839 408 2903 Iratus
452 2837 639 2902 Grais
684 2840 991 2922 quantum
1032 2840 1361 2904 nocuisset
1400 2839 1707 2905 Achilles.

196 2923 508 2987 Adiecere
548 2922 759 2987 bonae
798 2923 1013 3005 paullo
1055 2923 1201 3006 plus
1245 2925 1403 2988 artis
1444 2923 1769 3008 Athenae,

199 3005 457 3072 Scilicet
496 3008 572 3070 ut
609 3026 867 3090 possem
910 3027 1100 3072 curvo
1145 3007 1521 3093 dignoscere
1563 3011 1809 3073 rectum

196 3092 411 3176 Atque
452 3089 622 3154 inter
664 3090 854 3155 silvas
895 3090 1200 3156 Academi
1240 3113 1540 3176 quaerere
1560 3113 1818 3166 verum.
2059 3102 2125 3154 45

197 3173 376 3239 Dura
416 3173 531 3239 sed
572 3194 862 3239 emovere
905 3174 1048 3240 loco
1091 3197 1194 3240 me
1235 3179 1528 3261 tempora
1567 3180 1787 3262 grato,

198 3257 548 3356 Civilisque
589 3257 813 3323 rudem
855 3258 1010 3323 belli
1049 3260 1201 3324 tulit
1243 3264 1456 3325 aestus
1497 3261 1568 3325 in
1610 3281 1817 3345 arma,

198 3343 490 3409 Caesaris
532 3343 813 3428 Augusti
852 3363 988 3407 non
1025 3365 1062 3407 r
1175 3365 1412 3409 onsura
1452 3345 1725 3409 lacertis.

195 3426 384 3493 Vnde
427 3427 620 3492 simul
704 3427 937 3492 rimum
977 3365 1419 3493 mffimjsere
1460 3427 1782 3525 Philippi,

197 3511 448 3580 Decisis
490 3511 538 3577 h
696 3532 798 3576 em
846 3512 1069 3597 pinnis
1110 3512 1493 3599 inopemque
1533 3516 1786 3598 paterni
2059 3523 2127 3576 ω
