2588 4046
406 248 532 313 202
1114 250 1627 310 Ems'rvmavu
2163 252 2340 326 [xm.

1263 450 1464 528 XIII.

534 584 625 651 Vt
665 584 1173 669 proficiscentem
1219 583 1407 648 docui
1448 586 1513 648 te
1556 603 1746 680 saepe
1790 582 2052 681 diuque,

532 670 829 754 Augusto
874 668 1100 733 reddes
1143 668 1404 753 signata
1444 668 1800 750 volumina,
1845 666 2029 751 Vmi,

537 752 606 819 Si
647 752 924 837 validus,
972 752 1026 816 si
1068 753 1269 817 laetus
1315 752 1465 834 erit,
1512 751 1568 816 si
1610 750 1881 835 denique
1924 755 2180 838 poscet3

534 836 635 903 Ne
679 836 888 901 studio
932 836 1138 900 nostri
1178 856 1403 919 pecces
1447 835 1785 919 odiumque
1828 835 2061 900 libellis

471 936 505 985 5
537 920 803 987 Sedulus
846 921 1132 1005 inportes
1176 941 1371 1003 opera
1411 922 1701 985 vemente
1743 919 2052 983 minister.

537 1004 606 1071 Si
646 1007 712 1070 te
753 1005 920 1069 forte
961 1025 1139 1069 meae
1181 1003 1396 1089 gravis
1437 1006 1581 1068 uret
1624 1003 1873 1067 sarcina
1916 1002 2174 1068 chartae
2185 1052 2204 1087 ,

535 1088 793 1154 Abicite
836 1088 1080 1172 potius,
1124 1108 1317 1171 quam
1360 1108 1484 1171 quo
1529 1087 1807 1171 perferre
1842 1086 2082 1152 'iuberis

537 1172 824 1239 Clitellas
868 1173 1038 1237 ferus
1081 1172 1407 1257 inpingas,
1451 1172 1815 1255 Asinaeque
1858 1175 2194 1255 paternum

539 1256 917 1354 Cognomen
957 1258 1166 1322 vertas
1209 1257 1281 1320 in
1321 1256 1520 1320 risum
1565 1258 1630 1320 et
1670 1255 1888 1320 fabula
1929 1255 2065 1319 fias.

444 1355 508 1404 ιο
536 1339 797 1405 Viribus
838 1341 1038 1405 uteris
1081 1361 1196 1440 per
1238 1340 1468 1424 clivos,
1510 1339 1802 1422 flumina,
1845 1339 2074 1423 lamas;

537 1425 764 1490 Victor
804 1424 1119 1508 propositi
1163 1424 1353 1488 simul
1396 1445 1470 1489 ac
1511 1423 1875 1507 perveneris
1917 1423 2098 1507 illuc,

540 1508 646 1575 Sic
686 1508 968 1592 positum
1011 1509 1293 1573 servabis
1337 1529 1527 1591 onus,
1569 1530 1654 1572 ne
1696 1508 1862 1572 forte
1906 1507 2022 1572 sub
2068 1507 2172 1571 ala

540 1592 943 1658 Fasciculum
1031 1595 1200 1657 ortes
1244 1592 1553 1657 librorum
1592 1595 1666 1656 ut
1705 1591 1981 1656 rusticus
2025 1612 2301 1676 agnum,

539 1676 631 1742 Vt
671 1677 896 1741 vinosa
937 1699 983 1762 g
1010 1698 1189 1741 omus
1232 1676 1503 1741 furtivae
1544 1678 1588 1757 †
1608 1675 1876 1759 Pyrrhia
1916 1676 2129 1759 lanae,

446 1776 508 1825 15
538 1760 630 1826 Vt
672 1782 818 1826 cum
857 1760 1094 1845 pileolo
1139 1760 1344 1825 soleas
1388 1759 1653 1825 conviva
1693 1759 1965 1825 tribulis.

540 1845 686 1912 Neu
722 1845 912 1929 volgo
955 1866 1203 1928 narres,
1243 1847 1310 1909 te
1354 1843 1676 1909 sudavisse
1718 1843 1979 1908 ferendo

544 1928 873 2012 Carmina,
919 1950 1079 2013 quae
1119 1929 1373 2013 possint
1413 1927 1632 1993 oculos
1674 1948 1980 2011 auresque
2022 1929 2260 1993 morari

544 2011 859 2097 Caesaris3
906 2016 1119 2078 oratus
1162 2014 1365 2078 multa
1406 2034 1619 2097 prece,
1661 2012 1898 2078 niteret
1943 2034 2132 2097 porro

544 2097 756 2181 Vade,
801 2097 969 2182 vale,
1013 2119 1162 2163 cave
1206 2119 1288 2162 ne
1331 2097 1568 2162 titubes
1597 2097 1832 2162 manda
1939 2119 2018 2162 ue
2062 2098 2343 2184 frangas.

1259 2387 1491 2463 XHH.

543 2518 751 2586 Vilice
794 2518 1096 2584 silvarum
1138 2520 1203 2584 et
1243 2518 1403 2583 mihi
1445 2540 1548 2584 me
1589 2519 1912 2585 reddentis
1954 2519 2147 2605 agelli
2160 2568 2179 2603 ,

546 2604 749 2680 Quem
789 2605 863 2667 tu
905 2601 1152 2667 fastidis
1166 2650 1185 2685 ,
1229 2602 1587 2667 habitatum
1629 2604 1906 2687 quinque
1947 2604 2110 2669 focis
2154 2606 2222 2669 et

546 2688 837 2772 Quinque
882 2687 1085 2752 bonos
1128 2687 1388 2751 solitum
1427 2687 1688 2752 Variam
1731 2687 2047 2753 dimittere
2100 2692 2350 2775 patres,

547 2772 875 2838 Certemus
887 2819 906 2854 ,
953 2771 1169 2855 spinas
1213 2772 1510 2836 animone
1552 2792 1587 2836 e
1635 2792 1673 2836 o
1715 2771 1944 2836 fortius
1988 2793 2073 2837 an
2113 2775 2187 2837 tu

482 2871 516 2920 5
546 2856 803 2921 Evellas
846 2876 1054 2940 agro,
1079 2858 1144 2919 et
1183 2856 1411 2920 melior
1452 2855 1538 2920 sit
1645 2855 1883 2921 oratius
1926 2876 2011 2920 an
2051 2876 2175 2921 res,

545 2939 653 3004 Me
695 2939 980 3023 quamvis
1023 2938 1279 3004 Lamiae
1321 2939 1526 3023 pietas
1571 2942 1636 3004 et
1677 2961 1828 3004 cura
1869 2942 2184 3024 moratur,

544 3023 834 3088 Fratrem
875 3022 1216 3087 maerentis
1227 3072 1247 3106 ,
1291 3025 1476 3106 rapto
1522 3023 1600 3089 de
1641 3023 1836 3089 fratre
1878 3024 2155 3089 dolentis

544 3106 1005 3192 Insolabiliter3
1049 3109 1266 3172 tamen
1308 3107 1472 3171 istuc
1513 3128 1694 3172 mens
1737 3108 2114 3191 animusque

544 3190 696 3256 Fert
739 3193 803 3255 et
845 3194 1016 3255 amat
1059 3191 1279 3275 spatiis
1325 3191 1643 3256 obstantia
1684 3213 1827 3256 rum
1873 3213 1977 3257 ere
2021 3192 2317 3259 claustra.

453 3288 519 3339 ιο
547 3274 717 3340 Rure
762 3296 882 3359 ego
927 3275 1274 3359 viventem,
1319 3278 1391 3339 tu
1435 3274 1593 3340 dicis
1636 3276 1706 3340 in
1747 3298 1824 3340 ur
1869 3297 1903 3341 e
1948 3276 2234 3341 beatum:

546 3358 665 3424 Cui
707 3359 916 3443 placet
958 3359 1247 3442 alterius,
1293 3380 1408 3423 sua
1448 3360 1812 3424 nimirumst
1854 3359 2000 3424 odio
2045 3380 2205 3425 sors.

547 3441 792 3508 Stultus
821 3445 1083 3526 uterque
1125 3443 1340 3508 locum
1366 3444 1733 3508 inmeritum
1762 3447 2055 3508 causatur
2096 3444 2345 3528 inique:

539 3526 618 3591 In
660 3526 910 3611 culpast
951 3527 1200 3591 animus
1212 3575 1233 3611 ‚
1278 3528 1389 3611 qui
1432 3548 1500 3592 se
1541 3547 1676 3592 non
1719 3528 1942 3613 effugit
1984 3549 2304 3612 umquam.
