2588 4046
593 254 692 308 DE
730 254 1000 310 METRIS
1037 251 1507 310 HORATIANIS.
1904 254 2004 309 VIl

136 410 181 464 et
232 406 509 466 dimetros
589 407 828 465 exclusa
901 404 1302 465 scaenicorum
1363 405 1604 464 licentia
1665 405 2004 463 adhibuere.

138 493 368 563 Quorum
415 496 562 554 adeo
609 495 683 553 de
727 498 858 554 arte
902 494 1202 554 remisisse
1250 494 1477 570 aliquid
1522 494 1761 554 videtur
1804 492 1948 552 Hor.

238 583 620 643 Aeolensium
665 585 978 658 poetarum
1023 584 1422 642 adonumeros
1471 583 1700 657 primus
1747 582 2009 641 carmina

133 673 333 746 aptavit
389 670 691 745 Catullu8,
757 672 859 731 sed
924 673 992 731 ut
1052 673 1215 730 intra
1276 671 1552 747 Sapphus
1615 671 2009 730 imitationem

134 761 477 821 subsisteret.
543 760 714 819 Vnde
751 761 912 819 recte
948 779 1075 819 rem
1110 760 1428 820 instituere
1465 761 1639 833 docti,
1687 760 1845 836 quod
1882 759 2008 818 eius

130 867 315 923 poema
357 868 483 907 xxx
527 848 805 907 binorum
857 868 1140 909 versuum
1194 846 1538 925 systematis
1593 849 2008 907 distinxerunt.

129 936 262 994 Nam
310 939 421 996 tali
473 941 668 997 metro
723 939 920 996 totum
970 937 1191 995 librum
1252 938 1502 996 tertium
1557 936 1831 1012 Sapphus
1896 936 2010 996 di‘s-

128 1026 361 1100 positum
409 1043 541 1085 esse
586 1045 623 1084 a
657 1025 1064 1102 grammaticis
1099 1024 1518 1085 Alexandrinis
1566 1028 1662 1084 sat
1709 1028 1955 1084 constat.

243 1113 353 1173 Sed
407 1114 725 1186 Horatius,
777 1114 926 1172 mihi
978 1114 1217 1189 quidem
1269 1117 1342 1173 ut
1393 1114 1657 1186 videtur,
1722 1116 2013 1189 quotquot

131 1201 311 1259 intulit
351 1203 546 1279 lyrica
589 1205 783 1261 metra
827 1201 1028 1276 Latio,
1084 1221 1217 1261 cum
1261 1202 1470 1262 Alcaei
1512 1201 1769 1261 maxime
1812 1198 2012 1261 imita-

132 1290 268 1349 tione
326 1291 590 1352 novavit.
694 1289 970 1350 Ceterum
1031 1309 1241 1350 versus
1313 1292 1580 1367 sapphici
1642 1290 1886 1350 maioris
1952 1292 2013 1350 et

133 1377 482 1456 iambelegici
518 1379 788 1455 exempla
822 1377 982 1454 apud
1012 1378 1269 1439 Graecos
1305 1398 1426 1439 non
1459 1379 1860 1440 inveniuntur.
1924 1379 2013 1437 Ac

133 1466 359 1527 fortasse
406 1469 557 1527 haec
601 1470 794 1527 metra
837 1467 1068 1528 invenit
1108 1468 1256 1546 ipse.

239 1556 503 1616 Verum
555 1575 709 1616 cum
755 1555 1010 1615 Graeci
1063 1556 1282 1631 lyrici
1334 1556 1408 1615 in
1459 1556 1623 1616 basi
1675 1575 2014 1618 versuum

137 1644 624 1719 glyconeorum
686 1646 1329 1721 pherecrateorum
1392 1645 2013 1721 asclepiadeorum

137 1749 261 1791 cum
312 1734 663 1794 trochaeo
718 1733 1113 1809 principali
1176 1733 1580 1809 promiscue
1643 1734 2014 1793 adhibuis-

139 1822 272 1880 sent
313 1822 731 1899 spondeum,
785 1821 1118 1896 iambum,
1173 1822 1644 1898 pyrrichium,
1702 1825 1773 1881 et
1814 1823 2013 1882 volu-

135 1908 339 1969 issent
399 1911 704 1987 primam
767 1913 838 1969 et
907 1911 1226 1987 quintam
1291 1910 1646 1986 syllabam
1709 1911 2015 1971 alcaico-

136 2015 262 2057 rum
304 2002 779 2077 quartamque
831 1998 1340 2075 sapphicorum
1393 1999 1781 2076 ancipitem
1837 1999 2014 2076 sive,

84 2133 95 2140 .
139 2090 200 2144 ut
235 2095 519 2148 veteres
567 2088 841 2163 dixere,
886 2106 1351 2162 communem,
1389 2087 1737 2147 Horatius
1784 2091 2015 2149 omnia

137 2174 402 2237 firmata
461 2176 801 2253 spondeis
857 2177 985 2235 sub
1042 2177 1486 2237 severiorem
1538 2178 1772 2254 legem
1816 2196 2016 2238 revo-

138 2265 320 2324 cavit.
388 2265 788 2324 Praeterea
832 2284 986 2325 cum
1020 2264 1202 2325 idem
1239 2282 1608 2338 caesuraS,
1655 2283 1827 2341 quas
1865 2267 2014 2325 lon-

138 2352 443 2425 gioribus
484 2353 650 2413 addi
686 2354 937 2414 metris
974 2354 1290 2413 interest
1320 2354 1763 2431 elegantiae,
1803 2371 2014 2430 saepe

138 2438 546 2502 habuissent
607 2443 930 2519 insuper,
993 2442 1342 2502 Horatius
1406 2441 1738 2502 versibus
1802 2443 2015 2502 unde-

137 2527 253 2587 cim
302 2532 752 2606 syllabarum
816 2531 967 2590 sive
1034 2531 1373 2607 plurium,
1451 2549 1488 2589 a
1557 2529 2012 2606 paucissimis

135 2619 196 2675 et
243 2619 352 2678 vix
396 2619 641 2696 dignis
686 2619 1031 2679 memoria
1077 2619 1422 2694 exemplis
1478 2619 1540 2677 si
1592 2619 2012 2694 recesseris,

136 2720 386 2782 semper
450 2708 688 2768 voluit
749 2708 1004 2767 adesse
1073 2707 1498 2767 incisionem
1566 2707 1788 2765 fixam
1862 2725 2014 2767 cer-

136 2793 411 2871 tamque.
524 2796 922 2872 Rhythmos
987 2795 1205 2855 etiam
1265 2795 1520 2871 pedum
1591 2798 1755 2854 ante
1825 2796 2013 2855 fines

137 2883 384 2944 ordinis
432 2884 720 2943 metrici
757 2884 885 2944 hoc
923 2887 1031 2944 est
1068 2885 1220 2945 sive
1257 2886 1425 2943 ante
1462 2901 1827 2944 caesuram
1864 2885 2014 2943 sive

138 2967 193 3027 in
237 2973 433 3032 exitu
489 2974 703 3031 metri
746 2972 1151 3049 positorum
1210 2972 1643 3049 diligentius
1692 2973 2016 3033 servavit

140 3055 434 3135 Graecis,
493 3064 567 3120 at
610 3061 842 3121 minus
887 3063 1222 3121 accurate
1268 3059 1534 3121 Seneca
1588 3063 1659 3120 et
1710 3061 2016 3136 reliquis

140 3143 614 3224 Romanorum,
679 3150 798 3225 qui
859 3151 1179 3225 tempore
1244 3169 1398 3209 eum
1462 3151 1628 3209 sunt
1690 3149 2015 3209 insecuti.

142 3231 356 3314 Neque
404 3238 592 3297 enim
635 3238 848 3297 nimis
894 3257 1055 3298 raro
1099 3238 1308 3315 locis,
1355 3257 1528 3314 quos
1574 3237 1743 3311 dixi,
1784 3256 2018 3298 mono-

145 3325 405 3396 syllaba.
462 3326 1069 3403 praecedentibus
1123 3324 1284 3403 plus
1337 3345 1541 3403 quam
1584 3327 2036 3406 monosyllaf

145 3407 224 3472 bis
263 3415 612 3475 admittit.

244 3503 550 3564 Hactenus
587 3505 752 3563 haec.
825 3503 982 3563 Nam
1018 3503 1092 3564 de
1136 3504 1402 3564 admissa
1447 3505 1523 3563 ab
1560 3503 1809 3564 Horatio
1848 3522 2019 3580 syna-
