<?xml version="1.0" encoding="UTF-8"?>
<!DOCTYPE html PUBLIC "-//W3C//DTD XHTML 1.0 Transitional//EN"
    "http://www.w3.org/TR/xhtml1/DTD/xhtml1-transitional.dtd">
<html xmlns="http://www.w3.org/1999/xhtml" xml:lang="en" lang="en">
 <head>
  <title>
</title>
<meta http-equiv="Content-Type" content="text/html;charset=utf-8" />
  <meta name='ocr-system' content='tesseract 3.04.00' />
  <meta name='ocr-capabilities' content='ocr_page ocr_carea ocr_par ocr_line ocrx_word'/>
</head>
<body>
  <div class='ocr_page' id='page_1' title='image "./qvaleriicatulli03catugoog_0482.png"; bbox 0 0 2588 4046; ppageno 0'>
   <div class='ocr_carea' id='block_1_1' title="bbox 431 225 2393 304">
    <p class='ocr_par' dir='ltr' id='par_1_1' title="bbox 431 225 2393 304">
     <span class='ocr_line' id='line_1_1' title="bbox 431 225 2393 304; baseline -0.006 -13"><span class='ocrx_word' id='word_1_1' title='bbox 431 225 572 291; x_wconf 36' lang='lat'><strong>208*</strong></span> <span class='ocrx_word' id='word_1_2' title='bbox 1158 228 1679 304; x_wconf 41' lang='lat' dir='ltr'><strong>EPISTVLARVM,</strong></span> <span class='ocrx_word' id='word_1_3' title='bbox 2162 226 2393 301; x_wconf 64' lang='lat' dir='ltr'><strong>[mn</strong></span> 
     </span>
    </p>
   </div>
   <div class='ocr_carea' id='block_1_2' title="bbox 456 389 2387 3589">
    <p class='ocr_par' dir='ltr' id='par_1_2' title="bbox 560 389 2387 561">
     <span class='ocr_line' id='line_1_2' title="bbox 560 389 2152 475; baseline -0.001 -18"><span class='ocrx_word' id='word_1_4' title='bbox 560 390 926 459; x_wconf 84' lang='lat' dir='ltr'><strong>Mordacem</strong></span> <span class='ocrx_word' id='word_1_5' title='bbox 969 389 1282 475; x_wconf 82' lang='lat' dir='ltr'><strong>Cynicum</strong></span> <span class='ocrx_word' id='word_1_6' title='bbox 1327 392 1419 456; x_wconf 87' lang='lat' dir='ltr'><strong>sic</strong></span> <span class='ocrx_word' id='word_1_7' title='bbox 1462 390 1784 474; x_wconf 88' lang='lat' dir='ltr'><strong>eludebat,</strong></span> <span class='ocrx_word' id='word_1_8' title='bbox 1829 393 1902 455; x_wconf 91' lang='lat' dir='ltr'><strong>ut</strong></span> <span class='ocrx_word' id='word_1_9' title='bbox 1942 390 2152 456; x_wconf 84' lang='lat' dir='ltr'><strong>aiunt:</strong></span> 
     </span>
     <span class='ocr_line' id='line_1_3' title="bbox 563 474 2387 561; baseline -0.001 -20"><span class='ocrx_word' id='word_1_10' title='bbox 563 475 851 543; x_wconf 74' lang='lat' dir='ltr'><strong>‘Scurror</strong></span> <span class='ocrx_word' id='word_1_11' title='bbox 879 496 998 561; x_wconf 83' lang='lat' dir='ltr'><strong>ego</strong></span> <span class='ocrx_word' id='word_1_12' title='bbox 1041 476 1178 559; x_wconf 91' lang='lat' dir='ltr'><strong>ipse</strong></span> <span class='ocrx_word' id='word_1_13' title='bbox 1207 475 1368 541; x_wconf 81' lang='lat' dir='ltr'><strong>inihi</strong></span> <span class='ocrx_word' id='word_1_14' title='bbox 1442 475 1681 561; x_wconf 88' lang='lat' dir='ltr'><strong>populo</strong></span> <span class='ocrx_word' id='word_1_15' title='bbox 1726 478 1827 539; x_wconf 83' lang='lat' dir='ltr'><strong>tu:</strong></span> <span class='ocrx_word' id='word_1_16' title='bbox 1872 475 2106 539; x_wconf 88' lang='lat' dir='ltr'><strong>rectius</strong></span> <span class='ocrx_word' id='word_1_17' title='bbox 2135 474 2259 539; x_wconf 92' lang='lat' dir='ltr'><strong>lioc</strong></span> <span class='ocrx_word' id='word_1_18' title='bbox 2305 479 2387 540; x_wconf 74' lang='lat' dir='ltr'><strong>et&#39;</strong></span> 
     </span>
    </p>

    <p class='ocr_par' dir='ltr' id='par_1_3' title="bbox 460 524 2376 728">
     <span class='ocr_line' id='line_1_4' title="bbox 460 524 2376 644; baseline 0 -20"><span class='ocrx_word' id='word_1_19' title='bbox 460 574 529 624; x_wconf 78' lang='lat'><strong>20</strong></span> <span class='ocrx_word' id='word_1_20' title='bbox 560 558 965 644; x_wconf 85' lang='lat' dir='ltr'><strong>Splendidius</strong></span> <span class='ocrx_word' id='word_1_21' title='bbox 994 560 1277 625; x_wconf 75' lang='lat' dir='ltr'><strong>multost.</strong></span> <span class='ocrx_word' id='word_1_22' title='bbox 1340 524 1560 642; x_wconf 65' lang='lat' dir='ltr'><strong>Elquus</strong></span> <span class='ocrx_word' id='word_1_23' title='bbox 1590 563 1664 624; x_wconf 88' lang='lat' dir='ltr'><strong>ut</strong></span> <span class='ocrx_word' id='word_1_24' title='bbox 1685 580 1786 624; x_wconf 91' lang='lat' dir='ltr'><strong>me</strong></span> <span class='ocrx_word' id='word_1_25' title='bbox 1814 561 2048 642; x_wconf 83' lang='lat' dir='ltr'><strong>portet,</strong></span> <span class='ocrx_word' id='word_1_26' title='bbox 2076 559 2211 622; x_wconf 84' lang='lat' dir='ltr'><strong>alat</strong></span> <span class='ocrx_word' id='word_1_27' title='bbox 2236 580 2376 642; x_wconf 81' lang='lat' dir='ltr'><strong>rex,</strong></span> 
     </span>
     <span class='ocr_line' id='line_1_5' title="bbox 561 643 1959 728; baseline -0.001 -19"><span class='ocrx_word' id='word_1_28' title='bbox 561 644 858 709; x_wconf 85' lang='lat' dir='ltr'><strong>Officium</strong></span> <span class='ocrx_word' id='word_1_29' title='bbox 901 643 1100 728; x_wconf 82' lang='lat' dir='ltr'><strong>faci03</strong></span> <span class='ocrx_word' id='word_1_30' title='bbox 1152 646 1226 708; x_wconf 89' lang='lat' dir='ltr'><strong>tu</strong></span> <span class='ocrx_word' id='word_1_31' title='bbox 1265 644 1479 726; x_wconf 87' lang='lat' dir='ltr'><strong>poscis</strong></span> <span class='ocrx_word' id='word_1_32' title='bbox 1521 643 1673 707; x_wconf 83' lang='lat' dir='ltr'><strong>vilia</strong></span> <span class='ocrx_word' id='word_1_33' title='bbox 1713 664 1959 725; x_wconf 88' lang='lat' dir='ltr'><strong>rerum,</strong></span> 
     </span>
    </p>

    <p class='ocr_par' dir='ltr' id='par_1_4' title="bbox 559 727 2375 981">
     <span class='ocr_line' id='line_1_6' title="bbox 559 727 2338 812; baseline -0.001 -19"><span class='ocrx_word' id='word_1_34' title='bbox 559 728 771 793; x_wconf 85' lang='lat' dir='ltr'><strong>Dante</strong></span> <span class='ocrx_word' id='word_1_35' title='bbox 812 728 1049 809; x_wconf 88' lang='lat' dir='ltr'><strong>minor,</strong></span> <span class='ocrx_word' id='word_1_36' title='bbox 1095 727 1387 810; x_wconf 77' lang='lat' dir='ltr'><strong>quamvis</strong></span> <span class='ocrx_word' id='word_1_37' title='bbox 1426 728 1556 791; x_wconf 83' lang='lat' dir='ltr'><strong>fers</strong></span> <span class='ocrx_word' id='word_1_38' title='bbox 1598 730 1663 791; x_wconf 90' lang='lat' dir='ltr'><strong>te</strong></span> <span class='ocrx_word' id='word_1_39' title='bbox 1703 727 1944 791; x_wconf 88' lang='lat' dir='ltr'><strong>nullius</strong></span> <span class='ocrx_word' id='word_1_40' title='bbox 1989 729 2338 812; x_wconf 62' lang='lat' dir='ltr'><strong>egentem)</strong></span> 
     </span>
     <span class='ocr_line' id='line_1_7' title="bbox 562 811 2375 894; baseline -0.001 -17"><span class='ocrx_word' id='word_1_41' title='bbox 562 812 786 877; x_wconf 91' lang='lat' dir='ltr'><strong>Omnis</strong></span> <span class='ocrx_word' id='word_1_42' title='bbox 836 811 1230 894; x_wconf 75' lang='lat' dir='ltr'><strong>Aristippum</strong></span> <span class='ocrx_word' id='word_1_43' title='bbox 1275 811 1486 876; x_wconf 77' lang='lat' dir='ltr'><strong>decuit</strong></span> <span class='ocrx_word' id='word_1_44' title='bbox 1538 811 1716 876; x_wconf 90' lang='lat' dir='ltr'><strong>color</strong></span> <span class='ocrx_word' id='word_1_45' title='bbox 1756 813 1824 875; x_wconf 90' lang='lat' dir='ltr'><strong>et</strong></span> <span class='ocrx_word' id='word_1_46' title='bbox 1876 813 2080 874; x_wconf 88' lang='lat' dir='ltr'><strong>status</strong></span> <span class='ocrx_word' id='word_1_47' title='bbox 2122 815 2194 874; x_wconf 86' lang='lat' dir='ltr'><strong>et</strong></span> <span class='ocrx_word' id='word_1_48' title='bbox 2233 833 2375 890; x_wconf 84' lang='lat' dir='ltr'><strong>res,</strong></span> 
     </span>
     <span class='ocr_line' id='line_1_8' title="bbox 563 894 2330 981; baseline 0 -22"><span class='ocrx_word' id='word_1_49' title='bbox 563 896 1009 979; x_wconf 78' lang='lat' dir='ltr'><strong>Temptantem</strong></span> <span class='ocrx_word' id='word_1_50' title='bbox 1051 895 1294 961; x_wconf 88' lang='lat' dir='ltr'><strong>maiora</strong></span> <span class='ocrx_word' id='word_1_51' title='bbox 1346 895 1504 981; x_wconf 88' lang='lat' dir='ltr'><strong>fere,</strong></span> <span class='ocrx_word' id='word_1_52' title='bbox 1550 894 1991 978; x_wconf 68' lang='lat' dir='ltr'><strong>praesentibus</strong></span> <span class='ocrx_word' id='word_1_53' title='bbox 2035 915 2330 977; x_wconf 88' lang='lat' dir='ltr'><strong>aequum.</strong></span> 
     </span>
    </p>

    <p class='ocr_par' dir='ltr' id='par_1_5' title="bbox 462 979 2201 1147">
     <span class='ocr_line' id='line_1_9' title="bbox 462 979 2201 1063; baseline -0.001 -19"><span class='ocrx_word' id='word_1_54' title='bbox 462 995 528 1044; x_wconf 78' lang='lat'><strong>25</strong></span> <span class='ocrx_word' id='word_1_55' title='bbox 562 980 829 1063; x_wconf 88' lang='lat' dir='ltr'><strong>Contra,</strong></span> <span class='ocrx_word' id='word_1_56' title='bbox 875 1000 1063 1062; x_wconf 89' lang='lat' dir='ltr'><strong>quem</strong></span> <span class='ocrx_word' id='word_1_57' title='bbox 1107 979 1347 1062; x_wconf 82' lang='lat' dir='ltr'><strong>duplici</strong></span> <span class='ocrx_word' id='word_1_58' title='bbox 1387 1000 1604 1063; x_wconf 88' lang='lat' dir='ltr'><strong>panno</strong></span> <span class='ocrx_word' id='word_1_59' title='bbox 1645 979 1957 1062; x_wconf 73' lang='lat' dir='ltr'><strong>patientia</strong></span> <span class='ocrx_word' id='word_1_60' title='bbox 1999 979 2201 1062; x_wconf 83' lang='lat' dir='ltr'><strong>velat,</strong></span> 
     </span>
     <span class='ocr_line' id='line_1_10' title="bbox 564 1062 2001 1147; baseline -0.001 -19"><span class='ocrx_word' id='word_1_61' title='bbox 564 1064 878 1147; x_wconf 88' lang='lat' dir='ltr'><strong>Mirabor,</strong></span> <span class='ocrx_word' id='word_1_62' title='bbox 923 1063 1093 1128; x_wconf 82' lang='lat' dir='ltr'><strong>vitae</strong></span> <span class='ocrx_word' id='word_1_63' title='bbox 1135 1063 1241 1127; x_wconf 84' lang='lat' dir='ltr'><strong>via</strong></span> <span class='ocrx_word' id='word_1_64' title='bbox 1285 1063 1343 1126; x_wconf 89' lang='lat' dir='ltr'><strong>si</strong></span> <span class='ocrx_word' id='word_1_65' title='bbox 1387 1084 1693 1127; x_wconf 81' lang='lat' dir='ltr'><strong>conversa</strong></span> <span class='ocrx_word' id='word_1_66' title='bbox 1732 1062 2001 1128; x_wconf 84' lang='lat' dir='ltr'><strong>decebit.</strong></span> 
     </span>
    </p>

    <p class='ocr_par' dir='ltr' id='par_1_6' title="bbox 559 1146 2283 1401">
     <span class='ocr_line' id='line_1_11' title="bbox 559 1146 2161 1245; baseline -0.001 -33"><span class='ocrx_word' id='word_1_67' title='bbox 559 1150 746 1215; x_wconf 87' lang='lat' dir='ltr'><strong>Alter</strong></span> <span class='ocrx_word' id='word_1_68' title='bbox 785 1167 1174 1231; x_wconf 89' lang='lat' dir='ltr'><strong>purpureum</strong></span> <span class='ocrx_word' id='word_1_69' title='bbox 1215 1167 1351 1211; x_wconf 90' lang='lat' dir='ltr'><strong>non</strong></span> <span class='ocrx_word' id='word_1_70' title='bbox 1395 1147 1788 1245; x_wconf 72' lang='lat' dir='ltr'><strong>exspectabit</strong></span> <span class='ocrx_word' id='word_1_71' title='bbox 1829 1146 2161 1231; x_wconf 87' lang='lat' dir='ltr'><strong>amictum,</strong></span> 
     </span>
     <span class='ocr_line' id='line_1_12' title="bbox 561 1230 2243 1333; baseline 0 -37"><span class='ocrx_word' id='word_1_72' title='bbox 561 1232 885 1308; x_wconf 76' lang='lat' dir='ltr'><strong>Quidlibet</strong></span> <span class='ocrx_word' id='word_1_73' title='bbox 925 1230 1183 1296; x_wconf 82' lang='lat' dir='ltr'><strong>indutus</strong></span> <span class='ocrx_word' id='word_1_74' title='bbox 1228 1230 1638 1296; x_wconf 89' lang='lat' dir='ltr'><strong>celeberrima</strong></span> <span class='ocrx_word' id='word_1_75' title='bbox 1677 1253 1793 1333; x_wconf 84' lang='lat' dir='ltr'><strong>per</strong></span> <span class='ocrx_word' id='word_1_76' title='bbox 1834 1231 1977 1296; x_wconf 85' lang='lat' dir='ltr'><strong>loca</strong></span> <span class='ocrx_word' id='word_1_77' title='bbox 2018 1231 2207 1296; x_wconf 85' lang='lat' dir='ltr'><strong>vadet</strong></span> <span class='ocrx_word' id='word_1_78' title='bbox 2220 1280 2243 1315; x_wconf 80' lang='lat'>,</span> 
     </span>
     <span class='ocr_line' id='line_1_13' title="bbox 559 1315 2283 1401; baseline 0.001 -21"><span class='ocrx_word' id='word_1_79' title='bbox 559 1316 1031 1398; x_wconf 87' lang='lat' dir='ltr'><strong>Personamque</strong></span> <span class='ocrx_word' id='word_1_80' title='bbox 1073 1315 1237 1380; x_wconf 88' lang='lat' dir='ltr'><strong>feret</strong></span> <span class='ocrx_word' id='word_1_81' title='bbox 1276 1335 1412 1380; x_wconf 90' lang='lat' dir='ltr'><strong>non</strong></span> <span class='ocrx_word' id='word_1_82' title='bbox 1454 1316 1874 1380; x_wconf 88' lang='lat' dir='ltr'><strong>inconcinnus</strong></span> <span class='ocrx_word' id='word_1_83' title='bbox 1918 1318 2283 1401; x_wconf 87' lang='lat' dir='ltr'><strong>utramque;</strong></span> 
     </span>
    </p>

    <p class='ocr_par' dir='ltr' id='par_1_7' title="bbox 464 1397 2371 1832">
     <span class='ocr_line' id='line_1_14' title="bbox 464 1397 2059 1485; baseline 0.001 -21"><span class='ocrx_word' id='word_1_84' title='bbox 464 1414 533 1464; x_wconf 77' lang='lat'><strong>30</strong></span> <span class='ocrx_word' id='word_1_85' title='bbox 561 1401 746 1464; x_wconf 85' lang='lat' dir='ltr'><strong>Alter</strong></span> <span class='ocrx_word' id='word_1_86' title='bbox 786 1397 996 1471; x_wconf 82' lang='lat' dir='ltr'><strong>Mileti</strong></span> <span class='ocrx_word' id='word_1_87' title='bbox 1038 1401 1279 1465; x_wconf 81' lang='lat' dir='ltr'><strong>textam</strong></span> <span class='ocrx_word' id='word_1_88' title='bbox 1323 1421 1479 1464; x_wconf 91' lang='lat' dir='ltr'><strong>cane</strong></span> <span class='ocrx_word' id='word_1_89' title='bbox 1520 1400 1701 1483; x_wconf 89' lang='lat' dir='ltr'><strong>peius</strong></span> <span class='ocrx_word' id='word_1_90' title='bbox 1746 1403 1811 1464; x_wconf 88' lang='lat' dir='ltr'><strong>et</strong></span> <span class='ocrx_word' id='word_1_91' title='bbox 1852 1421 2059 1485; x_wconf 87' lang='lat' dir='ltr'><strong>angue</strong></span> 
     </span>
     <span class='ocr_line' id='line_1_15' title="bbox 562 1482 2228 1569; baseline -0.001 -19"><span class='ocrx_word' id='word_1_92' title='bbox 562 1483 811 1550; x_wconf 87' lang='lat' dir='ltr'><strong>Vitabit</strong></span> <span class='ocrx_word' id='word_1_93' title='bbox 854 1482 1283 1567; x_wconf 80' lang='lat' dir='ltr'><strong>chlamydem,</strong></span> <span class='ocrx_word' id='word_1_94' title='bbox 1330 1484 1638 1549; x_wconf 89' lang='lat' dir='ltr'><strong>morietur</strong></span> <span class='ocrx_word' id='word_1_95' title='bbox 1679 1484 1919 1569; x_wconf 80' lang='lat' dir='ltr'><strong>frigore</strong></span> <span class='ocrx_word' id='word_1_96' title='bbox 1932 1534 1951 1566; x_wconf 90' lang='lat'><em>,</em></span> <span class='ocrx_word' id='word_1_97' title='bbox 1997 1487 2053 1548; x_wconf 89' lang='lat' dir='ltr'><strong>si</strong></span> <span class='ocrx_word' id='word_1_98' title='bbox 2093 1504 2228 1548; x_wconf 92' lang='lat' dir='ltr'><strong>non</strong></span> 
     </span>
     <span class='ocr_line' id='line_1_16' title="bbox 561 1567 2371 1652; baseline 0.002 -19"><span class='ocrx_word' id='word_1_99' title='bbox 561 1568 907 1635; x_wconf 83' lang='lat' dir='ltr'><strong>Rettuleris</strong></span> <span class='ocrx_word' id='word_1_100' title='bbox 948 1589 1253 1651; x_wconf 86' lang='lat' dir='ltr'><strong>pannum.</strong></span> <span class='ocrx_word' id='word_1_101' title='bbox 1341 1567 1535 1634; x_wconf 85' lang='lat' dir='ltr'><strong>Refer</strong></span> <span class='ocrx_word' id='word_1_102' title='bbox 1578 1570 1645 1632; x_wconf 93' lang='lat' dir='ltr'><strong>et</strong></span> <span class='ocrx_word' id='word_1_103' title='bbox 1685 1568 1822 1632; x_wconf 88' lang='lat' dir='ltr'><strong>sine</strong></span> <span class='ocrx_word' id='word_1_104' title='bbox 1863 1569 2040 1632; x_wconf 75' lang='lat' dir='ltr'><strong>vivat</strong></span> <span class='ocrx_word' id='word_1_105' title='bbox 2079 1569 2371 1652; x_wconf 82' lang='lat' dir='ltr'><strong>ineptus!</strong></span> 
     </span>
     <span class='ocr_line' id='line_1_17' title="bbox 557 1651 2282 1737; baseline -0.001 -20"><span class='ocrx_word' id='word_1_106' title='bbox 557 1651 687 1718; x_wconf 87' lang='lat' dir='ltr'><strong>Res</strong></span> <span class='ocrx_word' id='word_1_107' title='bbox 729 1670 950 1737; x_wconf 83' lang='lat' dir='ltr'><strong>gerere</strong></span> <span class='ocrx_word' id='word_1_108' title='bbox 994 1654 1058 1715; x_wconf 89' lang='lat' dir='ltr'><strong>et</strong></span> <span class='ocrx_word' id='word_1_109' title='bbox 1101 1672 1176 1716; x_wconf 91' lang='lat' dir='ltr'><strong>ca</strong></span> <span class='ocrx_word' id='word_1_110' title='bbox 1220 1654 1322 1716; x_wconf 87' lang='lat' dir='ltr'><strong>tos</strong></span> <span class='ocrx_word' id='word_1_111' title='bbox 1368 1651 1700 1717; x_wconf 83' lang='lat' dir='ltr'><strong>ostendere</strong></span> <span class='ocrx_word' id='word_1_112' title='bbox 1744 1651 1985 1716; x_wconf 83' lang='lat' dir='ltr'><strong>civibus</strong></span> <span class='ocrx_word' id='word_1_113' title='bbox 2028 1652 2282 1736; x_wconf 83' lang='lat' dir='ltr'><strong>hostes,</strong></span> 
     </span>
     <span class='ocr_line' id='line_1_18' title="bbox 559 1736 2130 1832; baseline 0.001 -32"><span class='ocrx_word' id='word_1_114' title='bbox 559 1736 847 1832; x_wconf 74' lang='lat' dir='ltr'><strong>Attingit</strong></span> <span class='ocrx_word' id='word_1_115' title='bbox 890 1736 1121 1801; x_wconf 88' lang='lat' dir='ltr'><strong>solium</strong></span> <span class='ocrx_word' id='word_1_116' title='bbox 1197 1736 1335 1800; x_wconf 83' lang='lat' dir='ltr'><strong>ovis</strong></span> <span class='ocrx_word' id='word_1_117' title='bbox 1380 1738 1445 1799; x_wconf 88' lang='lat' dir='ltr'><strong>et</strong></span> <span class='ocrx_word' id='word_1_118' title='bbox 1487 1736 1788 1801; x_wconf 86' lang='lat' dir='ltr'><strong>caelestia</strong></span> <span class='ocrx_word' id='word_1_119' title='bbox 1829 1738 2130 1819; x_wconf 79' lang='lat' dir='ltr'><strong>temptat:</strong></span> 
     </span>
    </p>

    <p class='ocr_par' dir='ltr' id='par_1_8' title="bbox 461 1818 2372 2305">
     <span class='ocr_line' id='line_1_19' title="bbox 461 1818 2303 1902; baseline 0.001 -20"><span class='ocrx_word' id='word_1_120' title='bbox 461 1832 527 1882; x_wconf 76' lang='lat'><strong>85</strong></span> <span class='ocrx_word' id='word_1_121' title='bbox 557 1818 959 1902; x_wconf 84' lang='lat' dir='ltr'><strong>Principibus</strong></span> <span class='ocrx_word' id='word_1_122' title='bbox 1047 1819 1317 1883; x_wconf 87' lang='lat' dir='ltr'><strong>lacuisse</strong></span> <span class='ocrx_word' id='word_1_123' title='bbox 1360 1820 1513 1884; x_wconf 83' lang='lat' dir='ltr'><strong>viris</strong></span> <span class='ocrx_word' id='word_1_124' title='bbox 1556 1841 1690 1884; x_wconf 93' lang='lat' dir='ltr'><strong>non</strong></span> <span class='ocrx_word' id='word_1_125' title='bbox 1731 1819 1958 1883; x_wconf 83' lang='lat' dir='ltr'><strong>ultim-a</strong></span> <span class='ocrx_word' id='word_1_126' title='bbox 1998 1820 2139 1883; x_wconf 86' lang='lat' dir='ltr'><strong>laus</strong></span> <span class='ocrx_word' id='word_1_127' title='bbox 2185 1823 2303 1884; x_wconf 80' lang='lat' dir='ltr'><strong>est.</strong></span> 
     </span>
     <span class='ocr_line' id='line_1_20' title="bbox 559 1902 2267 1988; baseline -0.001 -20"><span class='ocrx_word' id='word_1_128' title='bbox 559 1903 624 1968; x_wconf 93' lang='lat' dir='ltr'>N</span> <span class='ocrx_word' id='word_1_129' title='bbox 626 1925 711 1968; x_wconf 93' lang='lat' dir='ltr'><strong>on</strong></span> <span class='ocrx_word' id='word_1_130' title='bbox 755 1903 951 1967; x_wconf 84' lang='lat' dir='ltr'><strong>cuivis</strong></span> <span class='ocrx_word' id='word_1_131' title='bbox 1042 1903 1240 1966; x_wconf 90' lang='lat' dir='ltr'><strong>omini</strong></span> <span class='ocrx_word' id='word_1_132' title='bbox 1286 1903 1608 1988; x_wconf 86' lang='lat' dir='ltr'><strong>contingit</strong></span> <span class='ocrx_word' id='word_1_133' title='bbox 1650 1903 1823 1967; x_wconf 88' lang='lat' dir='ltr'><strong>adire</strong></span> <span class='ocrx_word' id='word_1_134' title='bbox 1867 1902 2267 1969; x_wconf 82' lang='lat' dir='ltr'><strong>Corinthum.</strong></span> 
     </span>
     <span class='ocr_line' id='line_1_21' title="bbox 564 1986 2117 2071; baseline 0 -18"><span class='ocrx_word' id='word_1_135' title='bbox 564 1986 744 2053; x_wconf 84' lang='lat' dir='ltr'><strong>Sedit</strong></span> <span class='ocrx_word' id='word_1_136' title='bbox 784 1987 892 2071; x_wconf 91' lang='lat' dir='ltr'><strong>qui</strong></span> <span class='ocrx_word' id='word_1_137' title='bbox 936 1986 1178 2071; x_wconf 88' lang='lat' dir='ltr'><strong>timuit,</strong></span> <span class='ocrx_word' id='word_1_138' title='bbox 1222 2007 1306 2052; x_wconf 92' lang='lat' dir='ltr'><strong>ne</strong></span> <span class='ocrx_word' id='word_1_139' title='bbox 1348 2007 1483 2054; x_wconf 88' lang='lat' dir='ltr'><strong>non</strong></span> <span class='ocrx_word' id='word_1_140' title='bbox 1524 1987 1916 2056; x_wconf 81' lang='lat' dir='ltr'><strong>succederet:</strong></span> <span class='ocrx_word' id='word_1_141' title='bbox 1963 1990 2117 2053; x_wconf 84' lang='lat' dir='ltr'><strong>estc.</strong></span> 
     </span>
     <span class='ocr_line' id='line_1_22' title="bbox 561 2071 2155 2154; baseline -0.001 -17"><span class='ocrx_word' id='word_1_142' title='bbox 561 2071 774 2148; x_wconf 78' lang='lat' dir='ltr'><strong>Quid?</strong></span> <span class='ocrx_word' id='word_1_143' title='bbox 821 2071 930 2154; x_wconf 88' lang='lat' dir='ltr'><strong>qui</strong></span> <span class='ocrx_word' id='word_1_144' title='bbox 972 2072 1264 2154; x_wconf 86' lang='lat' dir='ltr'><strong>pervenit</strong></span> <span class='ocrx_word' id='word_1_145' title='bbox 1304 2071 1540 2137; x_wconf 87' lang='lat' dir='ltr'><strong>fecitne</strong></span> <span class='ocrx_word' id='word_1_146' title='bbox 1582 2071 1890 2137; x_wconf 81' lang='lat' dir='ltr'><strong>viriliter?</strong></span> <span class='ocrx_word' id='word_1_147' title='bbox 1955 2074 2015 2136; x_wconf 91' lang='lat' dir='ltr'>A</span> <span class='ocrx_word' id='word_1_148' title='bbox 2090 2072 2155 2136; x_wconf 91' lang='lat' dir='ltr'><strong>ui</strong></span> 
     </span>
     <span class='ocr_line' id='line_1_23' title="bbox 558 2156 2372 2305; baseline 0.001 -85"><span class='ocrx_word' id='word_1_149' title='bbox 558 2156 683 2222; x_wconf 89' lang='lat' dir='ltr'><strong>Hic</strong></span> <span class='ocrx_word' id='word_1_150' title='bbox 712 2157 809 2220; x_wconf 91' lang='lat' dir='ltr'><strong>est</strong></span> <span class='ocrx_word' id='word_1_151' title='bbox 836 2158 947 2219; x_wconf 89' lang='lat' dir='ltr'><strong>aut</strong></span> <span class='ocrx_word' id='word_1_152' title='bbox 984 2176 1328 2240; x_wconf 82' lang='lat' dir='ltr'><strong>nusquam,</strong></span> <span class='ocrx_word' id='word_1_153' title='bbox 1375 2156 1542 2239; x_wconf 87' lang='lat' dir='ltr'><strong>quod</strong></span> <span class='ocrx_word' id='word_1_154' title='bbox 1586 2157 1964 2305; x_wconf 45' lang='lat' dir='ltr'><strong>qliaerintius.</strong></span> <span class='ocrx_word' id='word_1_155' title='bbox 2109 2157 2161 2222; x_wconf 87' lang='lat' dir='ltr'><strong>&#39;c</strong></span> <span class='ocrx_word' id='word_1_156' title='bbox 2203 2175 2372 2223; x_wconf 77' lang='lat' dir='ltr'><strong>onus</strong></span> 
     </span>
    </p>

    <p class='ocr_par' dir='ltr' id='par_1_9' title="bbox 1210 2262 1835 2306">
     <span class='ocr_line' id='line_1_24' title="bbox 1210 2262 1835 2306; baseline 0.002 -1"><span class='ocrx_word' id='word_1_157' title='bbox 1210 2274 1217 2280; x_wconf 92' lang='lat'><em>-</em></span> <span class='ocrx_word' id='word_1_158' title='bbox 1693 2262 1835 2306; x_wconf 88' lang='lat' dir='ltr'><strong>orre</strong></span> 
     </span>
    </p>

    <p class='ocr_par' dir='ltr' id='par_1_10' title="bbox 458 2287 2371 2673">
     <span class='ocr_line' id='line_1_25' title="bbox 458 2287 2269 2422; baseline 0.002 -35"><span class='ocrx_word' id='word_1_159' title='bbox 458 2334 527 2387; x_wconf 70' lang='grc' dir='ltr'><strong>ιο</strong></span> <span class='ocrx_word' id='word_1_160' title='bbox 555 2323 647 2388; x_wconf 87' lang='lat' dir='ltr'><strong>Vt</strong></span> <span class='ocrx_word' id='word_1_161' title='bbox 686 2325 898 2406; x_wconf 84' lang='lat' dir='ltr'><strong>parvis</strong></span> <span class='ocrx_word' id='word_1_162' title='bbox 943 2324 1173 2390; x_wconf 82' lang='lat' dir='ltr'><strong>animis</strong></span> <span class='ocrx_word' id='word_1_163' title='bbox 1218 2328 1283 2390; x_wconf 88' lang='lat' dir='ltr'><strong>et</strong></span> <span class='ocrx_word' id='word_1_164' title='bbox 1323 2346 1521 2409; x_wconf 79' lang='lat' dir='ltr'><strong>parvo</strong></span> <span class='ocrx_word' id='word_1_165' title='bbox 1568 2345 1831 2407; x_wconf 87' lang='lat' dir='ltr'><strong>corpore</strong></span> <span class='ocrx_word' id='word_1_166' title='bbox 1874 2287 2110 2422; x_wconf 38' lang='lat' dir='ltr'><strong>{naias-3</strong></span> <span class='ocrx_word' id='word_1_167' title='bbox 2264 2373 2269 2378; x_wconf 79' lang='lat'><em>·</em></span> 
     </span>
     <span class='ocr_line' id='line_1_26' title="bbox 557 2407 2371 2492; baseline 0.002 -21"><span class='ocrx_word' id='word_1_168' title='bbox 557 2407 683 2472; x_wconf 91' lang='lat' dir='ltr'><strong>Hic</strong></span> <span class='ocrx_word' id='word_1_169' title='bbox 725 2407 926 2491; x_wconf 82' lang='lat' dir='ltr'><strong>subit,</strong></span> <span class='ocrx_word' id='word_1_170' title='bbox 975 2411 1039 2472; x_wconf 90' lang='lat' dir='ltr'><strong>et</strong></span> <span class='ocrx_word' id='word_1_171' title='bbox 1079 2409 1353 2492; x_wconf 84' lang='lat' dir='ltr'><strong>perfert.-</strong></span> <span class='ocrx_word' id='word_1_172' title='bbox 1396 2410 1532 2476; x_wconf 89' lang='lat' dir='ltr'><strong>Aut</strong></span> <span class='ocrx_word' id='word_1_173' title='bbox 1574 2409 1773 2474; x_wconf 85' lang='lat' dir='ltr'><strong>virtus</strong></span> <span class='ocrx_word' id='word_1_174' title='bbox 1799 2430 2037 2473; x_wconf 78' lang='lat' dir='ltr'><strong>nomen</strong></span> <span class='ocrx_word' id='word_1_175' title='bbox 2078 2413 2371 2490; x_wconf 84' lang='lat' dir='ltr'><strong>inanest,</strong></span> 
     </span>
     <span class='ocr_line' id='line_1_27' title="bbox 558 2491 2311 2577; baseline 0.002 -23"><span class='ocrx_word' id='word_1_176' title='bbox 558 2493 697 2555; x_wconf 90' lang='lat' dir='ltr'><strong>Aut</strong></span> <span class='ocrx_word' id='word_1_177' title='bbox 736 2491 927 2556; x_wconf 91' lang='lat' dir='ltr'><strong>decus</strong></span> <span class='ocrx_word' id='word_1_178' title='bbox 972 2495 1037 2555; x_wconf 90' lang='lat' dir='ltr'><strong>et</strong></span> <span class='ocrx_word' id='word_1_179' title='bbox 1077 2493 1352 2575; x_wconf 83' lang='lat' dir='ltr'><strong>pretium</strong></span> <span class='ocrx_word' id='word_1_180' title='bbox 1394 2495 1565 2558; x_wconf 85' lang='lat' dir='ltr'><strong>recte</strong></span> <span class='ocrx_word' id='word_1_181' title='bbox 1607 2493 1774 2577; x_wconf 88' lang='lat' dir='ltr'><strong>petit</strong></span> <span class='ocrx_word' id='word_1_182' title='bbox 1814 2492 2143 2576; x_wconf 86' lang='lat' dir='ltr'><strong>experiens</strong></span> <span class='ocrx_word' id='word_1_183' title='bbox 2187 2494 2311 2559; x_wconf 82' lang='lat' dir='ltr'><strong>vir.</strong></span> 
     </span>
     <span class='ocr_line' id='line_1_28' title="bbox 559 2574 2047 2673; baseline -0.003 -33"><span class='ocrx_word' id='word_1_184' title='bbox 559 2574 792 2640; x_wconf 83' lang='lat' dir='ltr'><strong>Coram</strong></span> <span class='ocrx_word' id='word_1_185' title='bbox 833 2597 986 2661; x_wconf 84' lang='lat' dir='ltr'><strong>rege</strong></span> <span class='ocrx_word' id='word_1_186' title='bbox 1030 2597 1145 2641; x_wconf 84' lang='lat' dir='ltr'><strong>sua</strong></span> <span class='ocrx_word' id='word_1_187' title='bbox 1188 2576 1266 2642; x_wconf 88' lang='lat' dir='ltr'><strong>de</strong></span> <span class='ocrx_word' id='word_1_188' title='bbox 1289 2619 1301 2628; x_wconf 87' lang='lat'>-</span> <span class='ocrx_word' id='word_1_189' title='bbox 1309 2579 1682 2673; x_wconf 81' lang='lat' dir='ltr'><strong>paupertate</strong></span> <span class='ocrx_word' id='word_1_190' title='bbox 1722 2579 2006 2642; x_wconf 80' lang='lat' dir='ltr'><strong>tacentes</strong></span> <span class='ocrx_word' id='word_1_191' title='bbox 2044 2633 2047 2636; x_wconf 76' lang='grc'><em>,</em></span> 
     </span>
    </p>

    <p class='ocr_par' dir='ltr' id='par_1_11' title="bbox 556 2658 2314 2745">
     <span class='ocr_line' id='line_1_29' title="bbox 556 2658 2314 2745; baseline 0.002 -23"><span class='ocrx_word' id='word_1_192' title='bbox 556 2658 709 2722; x_wconf 90' lang='lat' dir='ltr'><strong>Plus</strong></span> <span class='ocrx_word' id='word_1_193' title='bbox 752 2661 1055 2742; x_wconf 85' lang='lat' dir='ltr'><strong>poscente</strong></span> <span class='ocrx_word' id='word_1_194' title='bbox 1098 2660 1340 2725; x_wconf 88' lang='lat' dir='ltr'><strong>ferent:</strong></span> <span class='ocrx_word' id='word_1_195' title='bbox 1386 2661 1609 2744; x_wconf 77' lang='lat' dir='ltr'><strong>distat,</strong></span> <span class='ocrx_word' id='word_1_196' title='bbox 1656 2681 1952 2726; x_wconf 86' lang='lat' dir='ltr'><strong>sumasne</strong></span> <span class='ocrx_word' id='word_1_197' title='bbox 1995 2660 2314 2745; x_wconf 88' lang='lat' dir='ltr'><strong>pudenter</strong></span> 
     </span>
    </p>

    <p class='ocr_par' dir='ltr' id='par_1_12' title="bbox 457 2743 2371 2913">
     <span class='ocr_line' id='line_1_30' title="bbox 457 2743 2371 2840; baseline 0.003 -35"><span class='ocrx_word' id='word_1_198' title='bbox 457 2755 524 2805; x_wconf 70' lang='lat'><strong>45</strong></span> <span class='ocrx_word' id='word_1_199' title='bbox 555 2743 664 2806; x_wconf 89' lang='lat' dir='ltr'><strong>An</strong></span> <span class='ocrx_word' id='word_1_200' title='bbox 692 2744 932 2827; x_wconf 84' lang='lat' dir='ltr'><strong>rapias3</strong></span> <span class='ocrx_word' id='word_1_201' title='bbox 978 2744 1153 2840; x_wconf 77' lang='lat' dir='ltr'><strong>atqui</strong></span> <span class='ocrx_word' id='word_1_202' title='bbox 1196 2765 1408 2810; x_wconf 89' lang='lat' dir='ltr'><strong>rerum</strong></span> <span class='ocrx_word' id='word_1_203' title='bbox 1452 2746 1643 2828; x_wconf 87' lang='lat' dir='ltr'><strong>caput</strong></span> <span class='ocrx_word' id='word_1_204' title='bbox 1684 2744 1808 2809; x_wconf 88' lang='lat' dir='ltr'><strong>hoc</strong></span> <span class='ocrx_word' id='word_1_205' title='bbox 1838 2748 2002 2829; x_wconf 88' lang='lat' dir='ltr'><strong>erat,</strong></span> <span class='ocrx_word' id='word_1_206' title='bbox 2047 2744 2153 2810; x_wconf 88' lang='lat' dir='ltr'><strong>hic</strong></span> <span class='ocrx_word' id='word_1_207' title='bbox 2197 2746 2371 2811; x_wconf 86' lang='lat' dir='ltr'><strong>fons.</strong></span> 
     </span>
     <span class='ocr_line' id='line_1_31' title="bbox 558 2826 2186 2913; baseline 0.002 -24"><span class='ocrx_word' id='word_1_208' title='bbox 558 2826 883 2890; x_wconf 74' lang='lat' dir='ltr'><strong>‘Indotata</strong></span> <span class='ocrx_word' id='word_1_209' title='bbox 924 2826 1085 2891; x_wconf 84' lang='lat' dir='ltr'><strong>mi‘lu</strong></span> <span class='ocrx_word' id='word_1_210' title='bbox 1128 2848 1310 2892; x_wconf 87' lang='lat' dir='ltr'><strong>soror</strong></span> <span class='ocrx_word' id='word_1_211' title='bbox 1353 2830 1476 2911; x_wconf 87' lang='lat' dir='ltr'><strong>est,</strong></span> <span class='ocrx_word' id='word_1_212' title='bbox 1521 2829 1906 2912; x_wconf 88' lang='lat' dir='ltr'><strong>paupercula</strong></span> <span class='ocrx_word' id='word_1_213' title='bbox 1947 2831 2186 2913; x_wconf 87' lang='lat' dir='ltr'><strong>mater,</strong></span> 
     </span>
    </p>

    <p class='ocr_par' dir='ltr' id='par_1_13' title="bbox 556 2909 2317 3165">
     <span class='ocr_line' id='line_1_32' title="bbox 558 2909 2215 2996; baseline 0.001 -21"><span class='ocrx_word' id='word_1_214' title='bbox 558 2910 647 2975; x_wconf 85' lang='lat' dir='ltr'><strong>Et</strong></span> <span class='ocrx_word' id='word_1_215' title='bbox 688 2909 923 2975; x_wconf 89' lang='lat' dir='ltr'><strong>fundus</strong></span> <span class='ocrx_word' id='word_1_216' title='bbox 966 2931 1085 2975; x_wconf 91' lang='lat' dir='ltr'><strong>nec</strong></span> <span class='ocrx_word' id='word_1_217' title='bbox 1128 2911 1466 2976; x_wconf 87' lang='lat' dir='ltr'><strong>vendibilis</strong></span> <span class='ocrx_word' id='word_1_218' title='bbox 1509 2933 1629 2976; x_wconf 94' lang='lat' dir='ltr'><strong>nec</strong></span> <span class='ocrx_word' id='word_1_219' title='bbox 1670 2933 1929 2996; x_wconf 80' lang='lat' dir='ltr'><strong>pascere</strong></span> <span class='ocrx_word' id='word_1_220' title='bbox 1971 2913 2215 2977; x_wconf 89' lang='lat' dir='ltr'><strong>firmus’</strong></span> 
     </span>
     <span class='ocr_line' id='line_1_33' title="bbox 562 2992 2317 3077; baseline 0.002 -19"><span class='ocrx_word' id='word_1_221' title='bbox 562 2993 684 3069; x_wconf 83' lang='lat' dir='ltr'><strong>Qui</strong></span> <span class='ocrx_word' id='word_1_222' title='bbox 728 2992 913 3077; x_wconf 88' lang='lat' dir='ltr'><strong>dicit,</strong></span> <span class='ocrx_word' id='word_1_223' title='bbox 959 2995 1196 3059; x_wconf 88' lang='lat' dir='ltr'><strong>clamat</strong></span> <span class='ocrx_word' id='word_1_224' title='bbox 1237 2996 1499 3061; x_wconf 76' lang='lat' dir='ltr'><strong>‘victum</strong></span> <span class='ocrx_word' id='word_1_225' title='bbox 1542 2996 1731 3061; x_wconf 88' lang='lat' dir='ltr'><strong>date.’</strong></span> <span class='ocrx_word' id='word_1_226' title='bbox 1822 2996 2109 3062; x_wconf 80' lang='lat' dir='ltr'><strong>Succinit</strong></span> <span class='ocrx_word' id='word_1_227' title='bbox 2148 2998 2317 3062; x_wconf 79' lang='lat' dir='ltr'><strong>alter</strong></span> 
     </span>
     <span class='ocr_line' id='line_1_34' title="bbox 556 3076 2261 3165; baseline 0.004 -25"><span class='ocrx_word' id='word_1_228' title='bbox 556 3076 667 3141; x_wconf 76' lang='lat' dir='ltr'><strong>‘Et</strong></span> <span class='ocrx_word' id='word_1_229' title='bbox 707 3077 866 3141; x_wconf 90' lang='lat' dir='ltr'><strong>mihi</strong></span> <span class='ocrx_word' id='word_1_230' title='bbox 910 3077 1164 3144; x_wconf 86' lang='lat' dir='ltr'><strong>dividuo</strong></span> <span class='ocrx_word' id='word_1_231' title='bbox 1205 3078 1482 3146; x_wconf 87' lang='lat' dir='ltr'><strong>findetur</strong></span> <span class='ocrx_word' id='word_1_232' title='bbox 1523 3102 1785 3146; x_wconf 91' lang='lat' dir='ltr'><strong>munere</strong></span> <span class='ocrx_word' id='word_1_233' title='bbox 1830 3081 2119 3165; x_wconf 59' lang='lat' dir='ltr'><strong>quadra?</strong></span> <span class='ocrx_word' id='word_1_234' title='bbox 2256 3109 2261 3112; x_wconf 59' lang='grc'>’</span> 
     </span>
    </p>

    <p class='ocr_par' dir='ltr' id='par_1_14' title="bbox 456 3160 2373 3589">
     <span class='ocr_line' id='line_1_35' title="bbox 456 3160 2155 3248; baseline 0.004 -25"><span class='ocrx_word' id='word_1_235' title='bbox 456 3174 526 3223; x_wconf 74' lang='lat'><strong>80</strong></span> <span class='ocrx_word' id='word_1_236' title='bbox 556 3160 680 3225; x_wconf 86' lang='lat' dir='ltr'><strong>Sed</strong></span> <span class='ocrx_word' id='word_1_237' title='bbox 722 3162 956 3227; x_wconf 87' lang='lat' dir='ltr'><strong>tacitus</strong></span> <span class='ocrx_word' id='word_1_238' title='bbox 999 3162 1176 3245; x_wconf 86' lang='lat' dir='ltr'><strong>pasci</strong></span> <span class='ocrx_word' id='word_1_239' title='bbox 1219 3164 1276 3227; x_wconf 90' lang='lat' dir='ltr'><strong>si</strong></span> <span class='ocrx_word' id='word_1_240' title='bbox 1318 3167 1539 3247; x_wconf 89' lang='lat' dir='ltr'><strong>posset</strong></span> <span class='ocrx_word' id='word_1_241' title='bbox 1581 3185 1808 3230; x_wconf 84' lang='lat' dir='ltr'><strong>corvus</strong></span> <span class='ocrx_word' id='word_1_242' title='bbox 1824 3214 1842 3248; x_wconf 92' lang='lat'><em>,</em></span> <span class='ocrx_word' id='word_1_243' title='bbox 1889 3165 2155 3230; x_wconf 87' lang='lat' dir='ltr'><strong>haberet</strong></span> 
     </span>
     <span class='ocr_line' id='line_1_36' title="bbox 556 3244 2259 3343; baseline 0.004 -36"><span class='ocrx_word' id='word_1_244' title='bbox 556 3244 707 3308; x_wconf 92' lang='lat' dir='ltr'><strong>Plus</strong></span> <span class='ocrx_word' id='word_1_245' title='bbox 753 3244 934 3343; x_wconf 80' lang='lat' dir='ltr'><strong>dapis</strong></span> <span class='ocrx_word' id='word_1_246' title='bbox 951 3292 970 3327; x_wconf 87' lang='lat'>‚</span> <span class='ocrx_word' id='word_1_247' title='bbox 1016 3249 1081 3310; x_wconf 91' lang='lat' dir='ltr'><strong>et</strong></span> <span class='ocrx_word' id='word_1_248' title='bbox 1120 3246 1293 3311; x_wconf 83' lang='lat' dir='ltr'><strong>rixae</strong></span> <span class='ocrx_word' id='word_1_249' title='bbox 1337 3248 1540 3313; x_wconf 91' lang='lat' dir='ltr'><strong>multo</strong></span> <span class='ocrx_word' id='word_1_250' title='bbox 1584 3249 1795 3313; x_wconf 84' lang='lat' dir='ltr'><strong>minus</strong></span> <span class='ocrx_word' id='word_1_251' title='bbox 1839 3248 2259 3333; x_wconf 84' lang='lat' dir='ltr'><strong>invidiaeque.</strong></span> 
     </span>
     <span class='ocr_line' id='line_1_37' title="bbox 555 3327 2373 3419; baseline 0.004 -28"><span class='ocrx_word' id='word_1_252' title='bbox 555 3327 966 3393; x_wconf 81' lang='lat' dir='ltr'><strong>Brundisium</strong></span> <span class='ocrx_word' id='word_1_253' title='bbox 991 3350 1202 3398; x_wconf 89' lang='lat' dir='ltr'><strong>comes</strong></span> <span class='ocrx_word' id='word_1_254' title='bbox 1226 3332 1337 3396; x_wconf 86' lang='lat' dir='ltr'><strong>aut</strong></span> <span class='ocrx_word' id='word_1_255' title='bbox 1357 3330 1733 3397; x_wconf 84' lang='lat' dir='ltr'><strong>Surrentum</strong></span> <span class='ocrx_word' id='word_1_256' title='bbox 1755 3333 1981 3397; x_wconf 84' lang='lat' dir='ltr'><strong>ductus</strong></span> <span class='ocrx_word' id='word_1_257' title='bbox 2005 3354 2373 3419; x_wconf 85' lang='lat' dir='ltr'><strong>amoenum,</strong></span> 
     </span>
     <span class='ocr_line' id='line_1_38' title="bbox 558 3412 2373 3513; baseline 0.004 -38"><span class='ocrx_word' id='word_1_258' title='bbox 558 3412 680 3486; x_wconf 77' lang='lat' dir='ltr'><strong>Qui</strong></span> <span class='ocrx_word' id='word_1_259' title='bbox 725 3413 1007 3495; x_wconf 85' lang='lat' dir='ltr'><strong>queritur</strong></span> <span class='ocrx_word' id='word_1_260' title='bbox 1035 3413 1317 3480; x_wconf 79' lang='lat' dir='ltr'><strong>salebras</strong></span> <span class='ocrx_word' id='word_1_261' title='bbox 1349 3418 1416 3480; x_wconf 92' lang='lat' dir='ltr'><strong>et</strong></span> <span class='ocrx_word' id='word_1_262' title='bbox 1443 3416 1738 3480; x_wconf 89' lang='lat' dir='ltr'><strong>acerbum</strong></span> <span class='ocrx_word' id='word_1_263' title='bbox 1780 3417 1985 3513; x_wconf 78' lang='lat' dir='ltr'><strong>frigus</strong></span> <span class='ocrx_word' id='word_1_264' title='bbox 2016 3421 2083 3482; x_wconf 92' lang='lat' dir='ltr'><strong>et</strong></span> <span class='ocrx_word' id='word_1_265' title='bbox 2107 3418 2373 3504; x_wconf 86' lang='lat' dir='ltr'><strong>imbres,</strong></span> 
     </span>
     <span class='ocr_line' id='line_1_39' title="bbox 555 3496 2371 3589; baseline 0.004 -28"><span class='ocrx_word' id='word_1_266' title='bbox 555 3498 690 3561; x_wconf 87' lang='lat' dir='ltr'><strong>Aut</strong></span> <span class='ocrx_word' id='word_1_267' title='bbox 733 3496 956 3561; x_wconf 88' lang='lat' dir='ltr'><strong>cistam</strong></span> <span class='ocrx_word' id='word_1_268' title='bbox 1002 3497 1327 3564; x_wconf 84' lang='lat' dir='ltr'><strong>effractam</strong></span> <span class='ocrx_word' id='word_1_269' title='bbox 1370 3501 1435 3564; x_wconf 89' lang='lat' dir='ltr'><strong>et</strong></span> <span class='ocrx_word' id='word_1_270' title='bbox 1488 3500 1796 3566; x_wconf 86' lang='lat' dir='ltr'><strong>subducta</strong></span> <span class='ocrx_word' id='word_1_271' title='bbox 1836 3501 2070 3566; x_wconf 82' lang='lat' dir='ltr'><strong>viatica</strong></span> <span class='ocrx_word' id='word_1_272' title='bbox 2121 3503 2371 3589; x_wconf 83' lang='lat' dir='ltr'><strong>plorat,</strong></span> 
     </span>
    </p>
   </div>
  </div>
 </body>
</html>
