2588 4046
169 258 359 332 xum]
968 256 1184 314 meaa
1224 255 1270 314 1.
1960 247 2085 315 203

167 420 263 487 Tu
302 418 719 486 mediastinus
761 418 955 485 tacita
995 439 1182 502 prece
1222 438 1373 483 rura
1412 418 1699 516 petebas,

165 505 352 572 Nunc
392 503 615 571 urbem
660 506 725 569 et
765 502 950 569 ludos
994 506 1059 568 et
1100 503 1329 568 balnea
1369 503 1594 568 vilicus
1639 504 1851 587 optas;
2027 511 2087 562 15

166 588 271 654 Me
314 589 605 654 constare
646 586 807 652 mihi
849 588 974 652 scis
1019 590 1085 653 et
1125 586 1449 652 discedere
1488 586 1770 671 tristem,

166 672 699 756 Quandocumque
740 669 1006 736 trahunt
1045 670 1253 735 invisa
1292 670 1555 756 negotia
1592 670 1885 736 Romam.

165 756 313 824 Non
354 754 573 821 eadem
617 753 951 840 miramur3
995 775 1071 820 eo
1116 753 1516 820 disconvenit
1550 754 1722 820 inter

165 840 271 906 Me
312 860 390 905 ue
421 841 486 905 et
511 841 606 904 te:
649 859 802 903 nam
832 859 993 923 quae
1023 838 1271 904 deserta
1299 842 1365 905 et
1391 839 1718 935 inhospita
1884 858 1966 903 ua

167 861 415 1009 oreque,
460 943 730 988 amoena
770 925 958 988 vocat
998 943 1249 1021 mecuin
1292 923 1401 1021 qui
1445 925 1669 1007 sentit,
1713 925 1780 988 et
1821 943 1877 1020 o·
1910 922 1957 987 't
2024 932 2092 983 20

169 1007 338 1085 Quae
365 1010 438 1072 tu
512 1006 736 1073 ulchra
806 1010 966 1072 utas.
1012 1006 1251 1071 Formx
1278 1007 1399 1071 ub1
1422 1009 1488 1072 et
1506 1010 1701 1071 uncta
1773 1026 1967 1090 opina

168 1091 465 1160 Incutiun
535 1089 713 1157 urbis
800 1090 1137 1180 esiderium
1209 1090 1427 1175 video,
1473 1092 1538 1156 et
1578 1029 1770 1174 quocf

168 1175 461 1262 Angulus
503 1174 626 1240 iste
668 1173 832 1241 feret
872 1174 1057 1259 piper
1099 1139 1166 1240 e(
1205 1177 1310 1240 tus
1355 1174 1531 1240 ocius
1573 1195 1725 1260 uva,

168 1260 232 1328 N
237 1280 306 1326 ec
346 1258 557 1326 vicina
598 1258 819 1324 subest
858 1258 1080 1324 vinum
1121 1259 1424 1343 praebere
1464 1258 1730 1324 taberna

169 1344 344 1420 Quae
385 1341 593 1428 possit
633 1342 785 1426 tibi,
826 1362 948 1408 nec
990 1343 1289 1409 meretrix
1331 1342 1630 1427 tibicina,
1684 1343 1859 1410 cuius
2027 1354 2094 1406 εδ

171 1428 275 1494 Ad
304 1430 434 1493 stre
480 1427 642 1492 itum
671 1426 861 1492 salias
888 1428 1093 1493 terrae
1121 1426 1368 1513 gravis:
1404 1429 1469 1493 et
1495 1430 1711 1493 tamen
1736 1448 1970 1514 urgues

170 1450 552 1610 Iampridpem
593 1531 729 1576 non
768 1512 947 1576 tacta
988 1510 1312 1608 ligonibus
1355 1531 1505 1577 arva
1578 1511 1929 1596 bovemque

169 1595 579 1662 Disiunctum
621 1615 804 1661 curas
847 1597 914 1660 et
955 1595 1193 1661 strictis
1234 1594 1571 1661 frondibus
1615 1596 1857 1681 exples3

169 1680 371 1746 Addit
412 1700 572 1763 opus
613 1678 801 1763 pigro
844 1679 1050 1763 rivus,
1102 1678 1158 1744 si
1202 1677 1437 1745 decidit
1476 1679 1709 1762 imber,

171 1764 379 1830 Multa
417 1763 588 1828 mole
630 1762 953 1828 docendus
996 1763 1211 1847 aprico
1253 1783 1513 1848 parcere
1545 1767 1759 1861 prato.
2033 1775 2099 1825 30

170 1848 362 1916 Nunc
389 1868 540 1933 age,
587 1846 739 1932 quid
765 1850 1059 1912 nostrum
1087 1851 1468 1912 concentum
1496 1846 1762 1931 dividat,
1807 1846 1969 1912 audi.

172 1933 378 2010 Quem
417 1934 642 1997 tenues
686 1930 949 1997 decuere
991 1934 1183 2017 togae
1223 1931 1539 2016 nitidique
1583 1932 1828 2015 capilli,

170 2018 378 2095 Quem
420 2016 544 2082 scis
586 2016 916 2081 inmunem
959 2013 1226 2083 Cinarae
1314 2016 1582 2083 lacuisse
1622 2017 1868 2101 rapaci,

174 2104 382 2179 Quem
423 2100 713 2167 bibulum
754 2099 980 2185 liquidi
1021 2101 1232 2166 media
1318 2122 1353 2167 e
1395 2101 1535 2167 luce
1577 2100 1863 2184 Falerni,

171 2185 352 2254 Cena
380 2184 590 2251 brevis
618 2184 795 2251 iuvat
823 2187 888 2250 et
913 2205 1113 2269 prope
1141 2185 1349 2251 rivum
1372 2206 1636 2251 somnus
1663 2185 1735 2250 in
1761 2185 1976 2251 herba.
2036 2196 2101 2248 85

168 2271 235 2337 N
238 2290 312 2336 ec
356 2269 584 2335 lusisse
670 2269 824 2335 udet
833 2318 852 2354 ,
897 2268 1010 2334 sed
1050 2289 1186 2334 non
1225 2269 1504 2336 incidere
1547 2270 1786 2336 ludum.

169 2355 329 2421 Non
370 2353 518 2419 istic
558 2291 692 2419 obli
734 2373 818 2419 uo
863 2354 1047 2418 oculo
1089 2373 1234 2419 mea
1271 2353 1605 2419 commoda
1647 2353 1978 2438 quisquam

172 2439 416 2523 Limat,
459 2458 595 2503 non
637 2457 675 2503 o
743 2458 782 2503 o
827 2436 1096 2503 obscuro
1137 2458 1480 2522 morsuque
1520 2440 1824 2521 venenat3

171 2523 418 2590 Rident
457 2521 653 2588 vicini
739 2521 954 2587 laebas
1000 2524 1064 2586 et
1106 2542 1257 2586 saxa
1297 2524 1660 2588 moventem

171 2606 343 2674 Cum
379 2610 598 2675 servis.
747 2600 964 2675 rbana¹
993 2609 1194 2675 diaria
1235 2610 1461 2677 rodere
1504 2611 1710 2674 mavis
1730 2658 1746 2687 ,
2041 2616 2107 2667 40

171 2689 431 2755 Horum
472 2690 545 2754 tu
585 2687 655 2752 in
695 2708 1029 2754 numerum
1071 2691 1221 2753 voto
1264 2689 1425 2775 ruis3
1470 2689 1714 2755 invidet
1753 2709 1939 2753 usum

172 2773 537 2859 Lignorum
581 2773 646 2837 et
682 2772 931 2857 pecoris
973 2772 1095 2837 tibi
1137 2773 1275 2837 calo
1320 2775 1579 2859 argutus
1624 2776 1688 2838 et
1722 2772 1918 2839 horti.

175 2856 384 2942 Optat
424 2855 617 2941 ephip
662 2856 725 2921 ia
765 2856 883 2922 bos
969 2855 1137 2942 iger,
1183 2859 1364 2941 optat
1402 2879 1580 2923 arare
1623 2858 1939 2943 caballus;

175 2940 390 3018 Quam
408 2941 533 3007 scit
559 2961 603 3005 u
666 2961 840 3026 rque,
872 2939 919 3005 li
964 2960 1095 3026 ens,
1126 2942 1417 3027 censebo,
1447 2945 1736 3008 exerceat
1762 2945 1981 3007 artem.

1068 3232 1225 3310 XV.

177 3365 361 3440 Quae
393 3362 480 3429 sit
497 3362 750 3463 hiemps
763 3362 1004 3447 Veliae,
1026 3364 1199 3449 quod
1216 3364 1485 3447 caelum,
1503 3363 1684 3449 vala,
1716 3362 1984 3462 Salerni,

178 3446 473 3525 Quorum
496 3446 827 3513 hommum
844 3448 1023 3534 regio
1046 3451 1112 3513 et
1133 3448 1337 3534 qualis
1358 3449 1462 3513 via
1483 3448 1663 3532 (nam
1684 3447 1843 3513 mlhl
1856 3446 2047 3512 Baias

179 3530 374 3600 Musa
417 3553 835 3617 supervacuas
878 3532 1234 3617 Antonius,
1279 3535 1346 3598 et
1385 3535 1604 3598 tamen
1645 3531 1774 3596 illis
