2588 4046
200 251 341 321 vm
1015 248 1232 305 LIBER
1270 249 1316 306 Ι.
2004 233 2119 300 19¹2

197 411 482 479 Tandem
524 410 867 476 dormitum
911 409 1267 476 dimittitur.
1354 408 1482 475 Hic
1523 409 1634 475 ubi
1677 430 1866 493 saepe

198 496 535 563 Occultum
576 494 752 559 visus
796 494 1124 560 decurrere
1163 493 1362 579 piscis
1405 493 1487 558 ad
1530 494 1789 559 hamum
1800 542 1820 577 ‚

194 581 389 645 Mane
434 579 632 645 cliens
676 580 741 642 et
781 578 910 643 iam
953 580 1160 644 certus
1205 577 1499 661 conviva,
1547 577 1801 643 iubetur
2052 586 2119 639 '15

192 665 369 731 Rura
411 662 775 729 suburbana
814 661 1073 727 indictis
1117 682 1330 728 comes
1371 661 1465 726 ire
1508 661 1785 726 Latinis:

191 747 521 833 Inpositus
562 746 815 812 mannis
858 767 1079 812 arvum
1121 747 1491 829 caelumque
1533 744 1842 810 Sabinum

189 833 349 900 Non
391 833 599 896 cessat
637 829 913 896 laudare.
998 828 1194 895 Videt
1234 830 1522 912 ridetque
1564 828 1949 913 Philippusf

189 916 280 983 Et
310 915 434 981 sibi
478 915 628 979 dum
654 913 969 998 requiem,
1013 914 1164 978 dum
1202 914 1367 979 risus
1395 912 1674 996 undique
1718 913 1990 996 quaerit,

189 1000 368 1066 Dum
412 1001 655 1096 septem
700 997 897 1064 donat
940 998 1260 1081 sestertia,
1304 1000 1525 1062 mutua
1567 999 1811 1081 septem
2051 1008 2120 1060 80

189 1083 551 1166 Promittlt,
641 1081 936 1148 ersuadet
976 1082 1072 1147 uti
1113 1084 1429 1146 mercetur
1472 1081 1769 1167 agellum.

190 1168 531 1233 Mereatur.
594 1104 720 1232 ‘ive
762 1169 829 1231 te
871 1166 1085 1251 longis
1130 1165 1507 1251 ambagibus
1550 1165 1720 1230 ultra
2043 1214 2046 1218 .

195 1252 402 1328 Quam
431 1251 587 1315 satis
633 1253 731 1314 est
757 1270 994 1315 morer:
1034 1271 1109 1315 ex
1137 1249 1345 1314 nitido
1373 1249 1448 1313 fit
1483 1249 1755 1314 rusticus
1800 1251 1991 1333 atque

196 1335 422 1401 Sulcos
465 1337 531 1399 et
570 1334 787 1398 vineta
829 1336 1046 1418 crepat
1086 1355 1289 1418 mera,
1333 1335 1672 1418 praeparat
1711 1333 1919 1398 ulmos
1934 1382 1953 1417 ,

194 1418 543 1484 Inmoritur
584 1417 810 1482 studiis
854 1420 919 1482 et
961 1438 1173 1483 amore
1216 1417 1491 1483 senescit
1531 1417 1825 1483 habendi.
2050 1428 2116 1480 85

193 1502 435 1568 Verum
476 1502 588 1566 ubi
630 1522 779 1567 oves
821 1502 992 1566 furto
1066 1501 1290 1570 morbo
1335 1502 1577 1586 periere
1622 1502 1931 1585 capellae,

198 1586 389 1672 Spem
430 1586 702 1651 mentita
744 1606 925 1671 seges
938 1634 958 1669 ‚
1001 1551 1119 1650 bos
1165 1587 1262 1650 est
1306 1588 1563 1650 enectus
1608 1585 1877 1670 arand03

108 1700 120 1712 ·
199 1670 493 1736 Offensus
537 1670 785 1735 damnis
828 1669 1039 1736 media
1080 1668 1159 1735 de
1201 1671 1392 1734 nocte
1435 1668 1748 1734 caballum

196 1755 444 1839 Arripit
484 1753 808 1837 iratusque
850 1753 1136 1837 Philippi
1177 1752 1387 1818 tendit
1428 1752 1510 1817 ad
1552 1752 1758 1817 aedes·

199 1837 398 1914 Quem
442 1838 632 1904 simul
676 1837 968 1922 adspexit
1009 1837 1303 1902 scabrum
1343 1836 1795 1986 iuliomumque
1836 1836 1984 1901 Phi·
2047 1848 2116 1900 90

1542 1942 1618 1986 us

199 2006 468 2085 ‘Darasa
501 2005 612 2085 ait,
633 2004 905 2090 ‘vu1tei‚
947 2004 1141 2072 nimis
1184 1942 1589 2089 attentusffie
1630 1969 1862 2071 'videris

196 2091 354 2157 Esse
381 2089 584 2155 mihi?
645 2090 817 2174 ‘Pol‚
860 2111 962 2156 me
993 2090 1327 2173 miserum,
1370 2092 1670 2174 patrone,
1698 2110 1990 2172 vocares,

198 2175 265 2241 Si
308 2175 531 2240 velles’
574 2174 645 2239 in
687 2174 804 2238 uit
829 2182 1072 2240 ‘verum
1110 2172 1269 2238 mihi
1314 2194 1551 2257 ponere
1593 2195 1848 2241 nomen.

199 2258 380 2336 Quod
422 2261 489 2322 te
520 2279 635 2342 per
646 2194 938 2323 (l3enium
981 2257 1388 2354 dextramque
1417 2258 1691 2343 deosque
1719 2258 1990 2324 Penates

199 2343 479 2409 Obsecro
524 2345 591 2407 et
630 2342 946 2426 obtestor,
988 2344 1158 2406 vitae
1199 2362 1305 2406 me
1346 2341 1538 2407 redde
1581 2343 1779 2427 priori
1793 2344 1835 2408 1’
2049 2353 2114 2405 9⁶

198 2427 320 2505 Qui
363 2426 562 2491 semel
602 2424 920 2510 adspexit,
1007 2427 1274 2491 uantum
1319 2424 1578 2491 dimissa
1664 2425 1835 2490 etitis

194 2510 563 2594 Praestent,
605 2512 853 2577 mature
893 2531 929 2573 r
1009 2512 1112 2575 eat
1151 2511 1521 2594 repetatque
1561 2530 1631 2575 re
1662 2509 1801 2574 'cta.

196 2594 412 2660 Metiri
454 2614 523 2659 se
564 2614 877 2680 quemque
918 2614 1033 2660 suo
1076 2592 1336 2659 modulo
1365 2614 1442 2659 ac
1483 2592 1643 2678 pede
1686 2596 1986 2660 verumst.

1057 2882 1255 2959 VIII.

195 3014 382 3083 Celso
424 3013 703 3100 gaudere
745 3016 811 3079 et
850 3014 1013 3079 bene
1054 3034 1190 3079 rem
1231 3035 1454 3100 gerere
1495 3014 1903 3079 Albinovano

192 3100 382 3165 Musa
422 3102 651 3184 rogata
690 3097 889 3182 refer,
935 3097 1153 3163 comiti
1196 3098 1563 3182 scribaeque
1605 3098 1901 3165 Neronis.

194 3183 263 3249 Si
285 3186 548 3268 quaeret
567 3182 719 3267 quid
739 3202 946 3268 agam,
965 3181 1067 3248 dic
1083 3183 1288 3247 multa
1311 3185 1375 3247 et
1395 3181 1661 3267 pulchra
1680 3182 2032 3248 minantem

192 3267 427 3333 Vivere
454 3288 573 3332 nec
614 3269 787 3332 recte
826 3287 947 3332 nec
990 3267 1296 3349 suaviter,
1339 3267 1512 3332 haud
1553 3267 1703 3350 quia
1744 3266 1989 3352 grando

194 3350 574 3417 Contuderit
615 3351 778 3417 vites
822 3351 1105 3416 oleamve
1147 3350 1564 3416 momorderit
1604 3354 1814 3417 aestus
1825 3400 1846 3435 ,
2083 3360 2115 3412 ⁶

192 3434 331 3502 Nec
375 3435 525 3519 quia
566 3433 935 3520 longinquis
965 3438 1328 3505 armentum,
1349 3437 1639 3520 aegrotet
1679 3435 1750 3499 in
1784 3435 1988 3519 agris;

196 3518 319 3585 Sed
364 3519 514 3605 quia
541 3522 755 3585 mente
782 3517 994 3585 minus
1035 3519 1283 3585 validus
1328 3540 1517 3604 quam
1545 3538 1809 3603 corpore
1850 3521 1990 3582 toto
