2588 4046
216 244 328 316 111]
1032 242 1247 299 LIBER
1288 243 1334 301 1.
2020 238 2141 304 133

213 405 565 471 Nobiscum
606 405 795 490 vivit,
838 405 1110 470 multum
1154 405 1464 470 demissus
1507 405 1701 472 homo
1734 406 1877 471 ille:

210 489 419 554 Tardo
467 511 846 576 cognomen,
868 490 1096 575 pingui
1140 490 1380 555 damus.
1467 490 1593 555 Hic
1635 491 1806 577 fugit
1848 512 2068 556 omnes

213 573 487 638 Insidias
528 575 817 658 nullique
858 574 1029 637 malo
1073 574 1239 639 latus
1284 574 1465 639 obdit
1506 578 1823 661 apertum3

214 657 376 723 Cum
419 680 621 743 genus
664 658 789 723 hoc
832 658 1000 722 inter
1041 658 1207 722 vitae
1250 680 1600 743 versemur,
1644 659 1754 723 ubi
1798 660 1958 724 acris
2072 671 2141 722 60

209 742 464 807 Invidia
506 745 695 826 atque
737 742 960 827 vigent
999 741 1110 807 ubi
1150 742 1444 808 crimina:
1487 764 1605 827 pro
1650 743 1812 808 bene
1856 764 2011 808 sano

213 827 310 890 Ac
351 847 487 890 non
528 827 786 890 incauto
830 826 1049 890 fictum
1092 829 1495 911 astutumque
1537 847 1854 892 vocamus.

211 910 578 994 Simplicior
607 911 748 993 quis
778 912 844 974 et
870 912 996 994 est,
1041 911 1291 994 qualem
1320 933 1423 975 me
1455 932 1641 995 saepe
1680 913 1722 993 †
1741 911 2015 976 libenter

212 994 572 1059 Obtulerim
617 994 764 1077 tibi,
808 993 1171 1078 Maecenas,
1215 997 1289 1059 ut
1332 995 1497 1059 forte
1540 995 1860 1080 legentem

209 1080 349 1144 Aut
388 1079 653 1143 tacitum
684 1078 965 1162 inpellat
1009 1078 1231 1162 quovis
1275 1100 1599 1144 sermone:
1652 1080 2007 1145 ‘molestusl
2071 1091 2139 1142 65

212 1162 556 1228 Communi
592 1184 788 1234 sensu
829 1163 1019 1246 plane
1063 1166 1255 1228 caret'
1303 1163 1641 1248 inquimus.
1729 1163 1942 1247 Eheu,

212 1246 420 1322 Quam
460 1249 697 1311 temere
723 1247 796 1310 in
821 1249 1077 1311 nosmet
1116 1247 1328 1332 legem
1363 1248 1681 1312 sancimus
1710 1247 2011 1332 iniquam.

209 1330 385 1396 Nam
427 1330 600 1395 vitiis
642 1351 831 1395 nemo
877 1331 1015 1395 sine
1054 1332 1365 1397 nascitur·
1414 1332 1692 1416 optimus
1733 1332 1935 1416 illest,

213 1414 339 1490 Qui
366 1414 647 1479 minimis
677 1417 998 1500 urguetur.
1041 1416 1305 1481 Amicus
1335 1381 1558 1500 dulcis,
1586 1419 1660 1481 ut
1681 1438 1755 1481 ae
1800 1418 2031 1500 uumst‚

213 1497 379 1563 Cum
420 1520 563 1563 mea
605 1502 955 1583 conpenset
995 1499 1166 1564 vitiis
1209 1500 1407 1582 bona,
1454 1501 1742 1583 pluribus
1830 1500 1988 1580 isce,
2076 1513 2142 1562 *10

212 1581 281 1649 Si
327 1583 518 1647 modo
560 1583 744 1667 plura
786 1582 944 1647 mihi
986 1584 1157 1648 bona
1198 1586 1381 1667 sunt,
1428 1584 1723 1652 inclinet.
1761 1585 1995 1649 Amare

214 1666 284 1731 Si
330 1667 503 1732 volet
549 1667 672 1734 hac
714 1669 888 1751 lege,
924 1667 994 1731 in
1034 1668 1278 1732 trutina
1320 1670 1595 1752 ponetur
1638 1668 1876 1735 eadem.

213 1749 369 1833 Qui,
412 1772 496 1815 ne
540 1750 865 1816 tuberibus
907 1752 1183 1835 propriis
1229 1751 1513 1817 offendat
1554 1752 1859 1835 amicum,

210 1834 535 1920 Postulat,
577 1834 870 1920 ignoscet
911 1837 1188 1901 verrucis
1231 1836 1439 1901 illius:
1486 1839 1817 1920 aequumst

212 1918 502 1984 Peccatis
543 1918 795 1984 veniam
837 1922 1208 2003 poscentem
1250 1920 1514 1985 reddere
1555 1941 1791 1985 rursus,
2076 1933 2141 1983 75

214 2002 536 2088 Denique,
580 2005 891 2088 quatenus
936 2003 1138 2069 excidi
1180 2005 1437 2089 penitus
1479 2005 1704 2071 vitium
1747 2004 1908 2090 irae,

214 2087 443 2153 Cetera
483 2088 635 2152 item
679 2109 761 2152 ne
806 2091 1003 2153 ueunt
1046 2090 1257 2153 stultis
1300 2088 1656 2173 haerentia,
1703 2111 1814 2155 cur
1853 2111 1987 2155 non

212 2172 611 2237 Ponderibus
652 2193 757 2236 mo
803 2173 1051 2257 ulisque
1094 2174 1224 2237 suis
1266 2174 1430 2238 ratio
1474 2174 1677 2240 utitur
1685 2223 1704 2259 ‚
1754 2195 1829 2239 ac
1871 2196 1972 2239 res

213 2256 304 2320 Vt
346 2259 721 2354 quaequest,
765 2257 857 2321 ita
899 2257 1227 2340 suppliciis
1273 2257 1503 2323 delicta
1549 2257 1885 2324 cohercet?

215 2339 428 2424 Siqms
471 2362 617 2405 eum
659 2361 937 2423 servum,
981 2342 1266 2424 patinam
1310 2343 1418 2426 qui
1460 2343 1687 2408 tollere
1729 2343 1936 2407 iussus
2074 2353 2143 2404 80

215 2423 507 2490 Semesos
548 2423 756 2508 pisces
798 2424 1208 2509 tepidumque
1251 2426 1602 2511 ligurrierit
1641 2428 1773 2511 ius,

215 2507 293 2572 In
336 2529 523 2574 cruce
566 2508 860 2594 suffigat:
924 2508 1219 2575 Labeone
1261 2510 1548 2575 insanior
1590 2511 1757 2575 inter

216 2591 420 2658 Sanos
465 2592 730 2659 dicatur.
819 2591 1070 2670 Quanto
1113 2592 1237 2658 hoc
1279 2594 1581 2659 furiosius
1626 2594 1815 2678 atque

216 2675 423 2742 Maius
464 2679 885 2761 peccatumst:
929 2677 1213 2761 paullum
1256 2678 1524 2762 deliquit
1566 2678 1805 2743 amicus

214 2760 399 2837 Quod
440 2760 570 2825 nisi
613 2761 952 2844 concedas,
996 2760 1269 2828 habeare
1313 2762 1624 2846 insuavis,
1670 2783 1813 2828 acer
1857 2784 1961 2827 us:
2074 2775 2139 2825 85

213 2844 424 2910 Odisti
468 2847 534 2910 et
574 2844 749 2930 fugis
791 2848 866 2910 ut
905 2845 1231 2911 Rusonem
1275 2845 1526 2911 debitor
1569 2847 1762 2931 aeris,

211 2928 333 3005 Qui
377 2929 537 3013 nisi,
587 2950 731 2994 cum
757 2929 974 2994 tristes
1016 2930 1246 2994 misero
1291 2952 1521 2996 venere
1555 2927 1906 3014 Kalendae,

209 3012 572 3079 Mercedem
601 3015 712 3078 aut
736 3034 1032 3079 nummos
1058 3014 1227 3078 unde
1256 3015 1425 3080 unde
1447 3016 1713 3081 extricat
1771 3037 2013 3081 amaras

211 3097 512 3162 Porrecto
556 3097 624 3163 iu
738 3118 776 3161 o
820 3097 1118 3163 historias
1164 3098 1451 3183 captivus
1494 3103 1568 3164 ut
1610 3065 1807 3166 audit.

165 3215 177 3227 ·
210 3180 587 3247 Gonminxit
655 3183 866 3247 ectum
907 3186 1097 3266 potus
1140 3204 1439 3249 mensave
1483 3184 1768 3249 catillum
2073 3197 2141 3247 90

209 3264 496 3331 Euandri
537 3265 831 3331 manibus
875 3267 1095 3331 tritum
1139 3267 1398 3334 deiecit:
1443 3268 1526 3332 ob
1569 3268 1737 3334 hanc
1777 3290 1941 3351 rem,

209 3350 342 3414 Aut
431 3349 670 3415 ositum
699 3352 847 3414 ante
875 3371 1019 3448 mea
1047 3351 1196 3435 quia
1235 3352 1485 3450 pullum
1513 3352 1583 3416 in
1609 3356 1790 3437 parte
1821 3351 2014 3417 catini

211 3431 400 3498 Sustu
434 3434 483 3498 't
525 3433 840 3517 esuriens,
883 3456 1093 3498 mmus
1135 3434 1260 3500 hoc
1305 3436 1613 3501 iucundus
1658 3437 1895 3501 amicus

213 3514 308 3582 Sit
346 3517 555 3583 mihi?
615 3515 780 3594 Quid
823 3518 1085 3605 faciam,
1130 3520 1186 3583 si
1228 3519 1467 3584 furtum
1510 3520 1762 3607 fecerit,
1807 3522 1917 3585 aut
1956 3518 2016 3584 si
