2588 4046
427 221 509 285 68
1182 224 1574 281 GARMmVM

1289 407 1482 482 XVI.

586 541 906 605 Inclusam
947 539 1218 606 Danaen
1259 538 1454 602 turris
1496 537 1740 602 ahenea

586 623 1034 708 Robustaeque
1075 625 1246 688 fores
1290 626 1356 686 et
1396 623 1666 707 vigilum
1709 643 1938 686 canum

669 708 910 775 Tristes
955 708 1254 772 excubiae
1297 706 1662 771 munierant
1703 707 1860 770 satis

759 793 1107 860 Nocturnis
1150 792 1231 856 ab
1276 790 1610 874 adulteris,

431 940 462 988 5
594 927 664 991 Si
703 948 838 991 non
879 927 1201 993 Acrisium
1243 925 1510 1010 virginis
1556 924 1808 989 abditae

586 1010 933 1077 Custodem
972 1011 1274 1094 pavidum
1317 1009 1604 1093 Iuppiter
1649 1012 1713 1072 et
1755 1008 1973 1073 Venus

2193 225 2369 299 [im⁴

683 1097 990 1160 Risisset:
1044 1096 1182 1159 fore
1235 1094 1406 1158 enim
1449 1096 1658 1158 tutum
1699 1094 1820 1157 iter
1864 1096 1927 1157 et
1966 1093 2200 1177 patens

775 1176 1097 1243 Converso
1141 1178 1212 1241 in
1251 1177 1529 1261 pretium
1573 1176 1710 1241 deo,

584 1312 829 1377 Aurum
871 1333 985 1396 per
1026 1312 1269 1376 medios
1314 1312 1405 1377 ire
1451 1311 1755 1375 satellites

433 1409 496 1457 ιο
579 1395 668 1460 Et
707 1417 1112 1480 perrumpere
1156 1400 1332 1460 amat
1375 1417 1556 1479 saxa,
1600 1395 1922 1479 potentius

667 1480 808 1545 Ictu
849 1481 1187 1545 fulmineo:
1252 1480 1534 1545 concidit
1576 1480 1835 1564 auguris

776 1565 1006 1649 Argivi
1049 1564 1306 1647 domus,
1352 1564 1435 1628 ob
1480 1564 1725 1628 lucrum

583 1698 888 1763 Demersa
932 1698 1154 1783 exitio;
1202 1698 1434 1762 diffidit
1476 1699 1729 1763 urbium

582 1783 807 1847 Portas
850 1783 948 1848 vir
990 1783 1255 1847 Macedo
1301 1786 1365 1847 et
1408 1783 1657 1847 subruit
1700 1783 1981 1847 aemulos

432 1879 493 1928 ¹⁵
675 1866 1437 2035 Ressssssvssssuniffissffeffi
1438 1888 1722 2015 ¹²31?ssssss
1723 1867 1934 1931 avium

583 2084 989 2152 Crescentem
1032 2087 1316 2170 sequitur
1356 2107 1508 2151 cura
1549 2086 1882 2171 pecuniam

581 2168 1018 2254 Maiorumque
1060 2170 1282 2236 fames».
1371 2170 1514 2235 Iure
1558 2170 1890 2254 perhorrui

665 2254 821 2319 Late
867 2255 1279 2338 conspicuum
1322 2255 1545 2319 tollere
1587 2255 1918 2339 verticem,

427 2351 493 2399 20
770 2338 1135 2422 Maecenas,
1182 2339 1466 2422 equitum
1508 2339 1716 2403 decus.

582 2473 834 2548 Quanto
921 2474 1143 2556 uisque
1188 2474 1311 2538 sibi
1352 2474 1538 2557 plura
1579 2473 1937 2558 negaverit,

581 2558 686 2620 Ab
732 2556 828 2621 dis
870 2495 1054 2640 {ilum
1094 2558 1283 2621 feret:
1329 2557 1422 2620 nil
1467 2557 1856 2640 cupientium
2041 2587 2046 2591 ·

663 2640 888 2707 Nudus
934 2643 1140 2705 castra
1181 2644 1329 2724 peto
1375 2643 1441 2705 et
1481 2641 1816 2726 transfuga
1858 2640 2124 2704 divitum

769 2723 991 2789 Partes
1035 2725 1320 2807 linquere
1363 2725 1570 2809 gestio
1586 2774 1603 2808 ‚

424 2873 489 2921 25
584 2858 1003 2956 Contemptae
1046 2859 1340 2924 dominus
1385 2859 1776 2943 splendidior
1817 2859 1938 2942 rei,

579 2943 785 3018 Quam
828 2965 882 3007 sl
894 2993 912 3027 ,
959 2943 1262 3026 quidquid
1306 2947 1447 3007 arat
1487 2943 1740 3028 inpiger
1781 2944 2062 3028 Apulus,

664 3027 997 3092 Occultare
1040 3028 1197 3091 meis
1242 3026 1482 3092 dicerer
1523 3026 1800 3112 horreiS,

766 3109 1037 3196 Magnas
1080 3112 1246 3175 inter
1291 3132 1443 3196 opes
1486 3110 1693 3195 inops.

575 3247 778 3311 Purae
820 3246 992 3310 rivus
1036 3266 1234 3328 aquae
1280 3246 1563 3328 silvaque
1606 3247 1898 3330 iugerum

424 3343 486 3392 30
577 3330 933 3395 Paucorum
976 3333 1041 3394 et
1083 3330 1318 3415 segetis
1364 3333 1535 3394 certa
1576 3330 1731 3394 fides
1776 3350 1952 3394 meae

658 3414 778 3479 Ful
827 3417 1039 3479 entem
1080 3414 1346 3499 imperio
1391 3414 1620 3480 fertilis
1668 3414 1920 3479 Africae

818 3499 956 3562 allit
1000 3501 1167 3563 sorte
1210 3498 1477 3564 beatior.
1790 3527 1795 3530 ·
