2588 4046
185 244 390 318 m]
998 243 1215 300 ussa
1254 242 1301 302 1.
1992 233 2117 301 203

185 407 290 472 Tu
333 405 750 472 mediastinus
792 405 985 471 tacita
1026 426 1213 490 prece
1253 426 1403 470 rura
1442 404 1731 503 petebas,

184 492 383 558 Nunc
423 490 648 556 urbem
691 493 757 555 et
797 490 981 554 ludos
1026 493 1090 554 et
1131 489 1361 555 balnea
1400 490 1624 555 vilicus
1669 491 1883 574 optas3
2058 497 2119 549 15

185 575 300 641 Me
346 577 635 640 constare
677 573 838 638 mihi
881 574 1005 639 scis
1049 577 1115 638 et
1157 573 1478 639 discedere
1518 574 1801 657 tristem,

186 659 730 742 Quandocumque
771 656 1037 723 trahunt
1076 658 1284 722 invisa
1323 658 1585 743 negotia
1624 657 1917 723 Romam.

185 744 344 810 Non
386 742 607 808 eadem
648 741 982 827 miramur3
1027 762 1101 807 eo
1147 741 1546 807 disconvenit
1581 742 1754 806 inter

186 827 301 893 Me
344 848 422 892 ue
453 829 517 892 et
543 828 637 891 te:
679 846 833 891 nam
863 846 1024 909 quae
1054 824 1303 891 deserta
1330 828 1396 892 et
1422 826 1749 923 inhospita
1915 845 1998 889 ua

189 911 320 978 Ore
368 911 381 924 ‘
427 959 446 995 ,
492 930 761 975 amoena
801 913 990 975 vocat
1030 930 1279 976 mecum
1324 910 1433 1007 qui
1477 912 1700 994 sentit,
1745 912 1811 975 et
1851 930 1889 973 o
1941 909 1988 973 't
2055 919 2122 969 20

191 995 370 1072 Quae
397 997 470 1059 tu
498 992 767 1078 pulchra
837 996 998 1059 utas.
1044 993 1282 1058 Fornix
1310 993 1430 1058 tibi
1452 997 1519 1059 et
1537 997 1732 1059 uncta
1805 993 1999 1077 opina

189 1078 525 1146 Incutiunt
565 1077 744 1143 urbis
832 1077 1197 1166 esiderium,
1241 1077 1427 1142 video
1439 1125 1458 1161 ,
1503 1079 1568 1143 et
1609 1015 1801 1161 quoti,

190 1162 491 1248 Angulus
533 1161 657 1227 iste
698 1160 864 1227 feret
904 1161 1087 1246 piper
1130 1164 1197 1226 et
1235 1163 1342 1226 tus
1386 1162 1562 1226 ocius
1604 1183 1757 1245 uva,

191 1247 338 1314 Nec
378 1246 587 1312 vicina
629 1245 850 1310 subest
889 1244 1112 1310 vinum
1153 1245 1454 1329 praebere
1495 1246 1761 1312 taberna

191 1331 377 1406 Quae
416 1329 624 1414 possit
664 1329 816 1412 tibi,
858 1350 979 1394 nec
1021 1330 1321 1394 meretrix
1361 1330 1662 1414 tibicina,
1714 1329 1890 1396 cuius
2059 1341 2125 1392 26

198 1414 308 1480 Ad
338 1417 465 1479 stre
511 1415 673 1479 itum
701 1413 893 1478 salias
920 1417 1124 1478 terrae
1152 1414 1399 1499 gravis:
1434 1416 1500 1478 et
1526 1417 1742 1479 tamen
1768 1435 2001 1499 urgues

194 1499 438 1596 Iampri
482 1519 583 1563 em
625 1519 760 1563 non
799 1500 978 1562 tacta
1019 1497 1342 1595 ligonibus
1386 1519 1536 1563 arva
1609 1498 1961 1582 bovemque

194 1582 610 1648 Disiunctum
653 1603 835 1648 curas
879 1584 945 1646 et
986 1581 1224 1647 stnctis
1265 1581 1601 1648 frondibus
1646 1583 1888 1666 exples3

195 1666 404 1732 Addit
444 1688 603 1750 opus
646 1666 832 1751 pigro
875 1665 1049 1731 rivus
1062 1713 1081 1748 ,
1134 1666 1190 1731 si
1233 1665 1468 1731 decidit
1507 1666 1741 1749 imber,

199 1751 411 1816 Multa
449 1751 618 1815 mole
663 1749 984 1815 docendus
1027 1750 1243 1834 aprico
1285 1770 1545 1834 parcere
1587 1753 1791 1834 prato.
2064 1761 2131 1811 30

196 1836 394 1902 Nunc
422 1856 542 1920 age
555 1884 572 1909 ,
619 1833 770 1918 quid
796 1837 1090 1899 nostrum
1119 1836 1499 1899 concentum
1527 1833 1793 1917 dividat,
1838 1833 2002 1898 audi.

199 1920 409 1996 Quem
450 1921 673 1984 tenues
717 1918 980 1984 decuere
1022 1921 1214 2004 togae
1255 1917 1571 2002 nitidique
1614 1919 1859 2002 capilli,

199 2004 409 2081 Quem
451 2004 575 2069 scis
617 2003 947 2069 inmunem
990 2000 1257 2068 Cinarae
1345 2003 1614 2069 lacuisse
1653 2004 1899 2087 rapaci,

206 2089 414 2165 Quem
454 2087 744 2154 bibulum
785 2086 1011 2172 liquidi
1052 2087 1264 2152 media
1350 2109 1384 2152 e
1426 2088 1566 2153 luce
1610 2087 1894 2170 Falerni,

203 2172 385 2240 Cena
412 2172 621 2237 brevis
650 2172 826 2238 iuvat
854 2175 920 2237 et
944 2192 1145 2256 prope
1172 2172 1380 2238 rivum
1404 2192 1666 2237 somnus
1694 2172 1767 2236 in
1792 2170 2008 2236 herba.
2068 2183 2133 2234 85

203 2256 269 2323 N
272 2278 346 2321 ec
388 2256 615 2322 lusisse
700 2257 884 2340 udet,
928 2255 1041 2321 sed
1082 2276 1218 2320 non
1257 2256 1538 2322 incidere
1579 2256 1817 2321 ludum.

202 2341 362 2407 Non
402 2340 549 2406 istic
589 2340 673 2406 ob
705 2341 719 2354 ‘
765 2361 849 2405 uo
893 2340 1079 2405 oculo
1120 2361 1264 2406 mea
1303 2340 1635 2406 commoda
1677 2339 2009 2423 quisquam

207 2425 447 2509 Limat,
489 2445 626 2488 non
668 2361 814 2489 odqio
858 2423 1127 2489 obscuro
1170 2445 1511 2508 morsuque
1552 2427 1856 2507 venenat3

207 2508 450 2575 Rident
489 2508 685 2574 vicini
724 2507 986 2593 glaebas
1031 2513 1097 2573 et
1138 2530 1289 2573 saxa
1329 2511 1692 2574 moventem

207 2592 376 2659 Cum
412 2597 629 2661 servis.
715 2586 998 2661 Vrbana'
1025 2596 1227 2662 diaria
1267 2598 1493 2663 rodere
1534 2597 1742 2660 mavis
1762 2644 1778 2674 ,
2073 2602 2139 2653 40

208 2675 460 2741 Horum
503 2678 577 2739 tu
616 2674 686 2738 in
727 2695 1061 2740 numerum
1103 2678 1253 2740 voto
1297 2676 1456 2761 ruis3
1501 2675 1746 2740 invidet
1786 2695 1971 2739 usum

209 2759 568 2844 Lignorum
611 2761 677 2823 et
715 2758 963 2843 pecoris
1005 2759 1128 2824 tibi
1170 2760 1308 2824 calo
1352 2762 1611 2846 argutus
1656 2762 1721 2824 et
1754 2758 1949 2825 horti.

213 2843 416 2927 Optat
455 2842 756 2927 ephippia
796 2843 915 2908 bos
1002 2843 1170 2928 iger,
1215 2846 1396 2927 optat
1434 2865 1612 2909 arare
1655 2843 1971 2929 caballus3

213 2926 422 3004 Quam
440 2928 564 2993 scit
589 2929 872 3012 uterque,
903 2926 951 2991 li
997 2948 1128 3011 ens,
1158 2928 1448 3013 censebo,
1479 2930 1768 2993 exerceat
1794 2930 2013 2993 artem.

1101 3218 1258 3295 XV.

217 3352 394 3426 Quae
422 3348 511 3415 sit
528 3349 781 3435 hiemps
796 3348 1036 3433 Veliae,
1059 3350 1233 3434 quod
1249 3351 1517 3433 caelum,
1534 3349 1717 3433 vala,
1749 3349 2016 3447 Salerni,

218 3434 505 3511 Quorum
528 3434 859 3499 hominum
876 3434 1056 3520 regio
1080 3437 1145 3499 et
1166 3435 1369 3519 qualis
1390 3436 1494 3499 via
1515 3434 1695 3518 (nam
1716 3433 1876 3498 mihi
1889 3433 2079 3497 Baias

219 3518 405 3585 Musa
448 3539 867 3603 supervacuas
911 3519 1234 3584 Antonius
1247 3567 1266 3604 ,
1313 3521 1379 3583 et
1417 3522 1635 3583 tamen
1678 3518 1807 3582 illis
