2588 4046
150 250 235 324 [1.]
484 203 487 206 “
965 249 1181 305 LIBER
1221 249 1264 306 1.
1952 243 2073 309 125

149 413 262 478 Ille
384 434 565 478 avem
609 412 766 477 duro
809 415 1043 477 terram
1087 412 1195 497 qui
1238 412 1431 478 vertit
1471 415 1680 477 aratro
1693 461 1713 496 ,

151 434 430 562 Perfiffiis
472 496 577 561 hic
623 517 851 580 caupo,
895 497 1109 580 miles,
1152 499 1506 581 nautaeque
1548 518 1663 581 per
1706 517 1895 561 omne

152 581 437 645 Audaces
478 602 652 645 mare
696 580 806 664 qui
848 584 1140 664 currunt,
1195 580 1316 646 hac
1358 583 1572 646 mente
1616 581 1900 646 laborem
2005 592 2070 643 30

152 664 295 730 Sese
339 666 535 748 ferre,
579 686 762 730 senes
807 667 880 730 ut
917 665 988 729 in
1033 665 1165 729 otia
1205 667 1346 730 tuta
1385 665 1712 749 recedant,

150 749 379 831 Aiunt,
429 770 571 814 cum
617 749 741 814 sibi
785 749 917 814 sint
957 751 1262 834 congesta
1299 749 1562 814 cibaria:
1606 749 1773 815 sicut

149 833 417 898 Parvola
489 854 641 897 nam
683 833 1066 917 exemplost,
1109 833 1330 919 magni
1372 833 1640 898 formica
1682 833 1918 899 laboris

151 917 270 983 Ore
313 881 514 981 trahit
545 917 983 1014 quodcumque
1023 920 1240 1002 potest
1266 919 1458 1001 atque
1488 916 1663 981 addit
1690 939 1912 983 acervo
1926 967 1945 1001 ‚

150 1002 349 1078 Quem
393 1002 611 1084 struit,
650 1000 823 1065 haud
864 1022 1091 1086 ignara
1118 1023 1192 1067 ac
1219 1022 1355 1066 non
1397 1002 1655 1066 incauta
1695 1002 1911 1066 futuri.
2004 1014 2069 1064 35

151 1086 350 1169 Quae,
396 1085 586 1149 simul
608 1085 933 1150 inversum
963 1086 1301 1151 contristat
1327 1085 1647 1170 Aquarius
1676 1107 1914 1151 annum
1925 1135 1945 1170 ,

150 1169 295 1235 Non
338 1189 607 1253 usquam
649 1170 936 1254 prorepit
978 1173 1043 1234 et
1082 1170 1212 1234 illis
1255 1170 1457 1234 utitur
1500 1173 1648 1235 ante

151 1254 465 1330 Quaesitis
509 1253 761 1338 sapiens
774 1302 793 1337 ‚
837 1275 983 1319 cum
1023 1257 1089 1319 te
1129 1275 1339 1351 neque
1380 1254 1659 1319 fervidus
1704 1256 1915 1319 aestus

149 1337 498 1403 Demoveat
526 1338 701 1403 lucro
717 1360 927 1421 neque
946 1338 1220 1422 hiemps,
1243 1338 1435 1423 ignis,
1463 1360 1656 1422 mare,
1686 1339 1945 1423 fem,

149 1422 253 1487 Nil
296 1424 514 1487 obstet
552 1422 704 1505 tibi,
751 1423 902 1486 dum
945 1443 1028 1486 ne
1071 1424 1156 1486 sit
1195 1425 1261 1487 te
1307 1421 1500 1487 ditior
1542 1423 1721 1488 alter.
1773 1451 1777 1456 ·
2006 1436 2074 1486 40

151 1506 312 1582 Quid
354 1506 560 1589 iuvat,
603 1507 964 1571 inmensum
1006 1509 1071 1571 te
1106 1508 1358 1592 argenti
1399 1506 1650 1591 pondus
1679 1511 1744 1573 et
1763 1551 1768 1558 -
1785 1509 1923 1573 auri

149 1589 392 1655 Furtim
439 1590 691 1655 defossa
730 1590 1026 1655 timidum
1069 1590 1383 1675 deponere
1424 1592 1638 1655 terra?

151 1674 385 1757 ‘Quod‚
432 1675 487 1739 si
532 1675 934 1758 conminuas‚
980 1675 1172 1739 vflem
1214 1675 1542 1760 redigatur
1584 1676 1665 1740 ad
1708 1684 1958 1741 assem?

149 1758 239 1822 At
254 1760 324 1823 ni
346 1758 413 1822 id
436 1759 527 1842 fit,
559 1758 712 1842 quid
731 1758 928 1823 habet
946 1758 1197 1842 pulchri
1217 1761 1619 1824 constructus
1641 1760 1945 1825 acervus?

152 1838 326 1906 Milia
367 1843 675 1907 frumenti
715 1846 829 1907 tua
870 1843 1118 1907 triverit
1160 1864 1309 1908 area
1351 1846 1636 1908 centum:
2006 1855 2072 1907 4⁶

153 1925 297 1991 Non
337 1930 487 1992 tuus
531 1926 655 1991 hoc
700 1928 909 2012 capiet
949 1930 1171 1992 venter
1211 1928 1357 2012 plus
1402 1948 1474 1992 ac
1516 1948 1726 2012 meus,
1771 1932 1845 1993 ut
1886 1929 1943 1993 si

152 2008 507 2077 Reticulum
549 2011 733 2097 panis
776 2012 1030 2078 venales
1073 2012 1240 2078 inter
1284 2014 1513 2077 onusto

153 2093 335 2160 Forte
378 2096 593 2162 vehas
621 2117 838 2161 umero
913 2096 1119 2161 nihilo
1162 2097 1308 2181 plus
1354 2097 1628 2182 accipias
1673 2118 1863 2182 quam

157 2178 271 2254 Qui
310 2181 419 2244 nil·
447 2180 737 2265 portarit.
824 2145 948 2246 &el
993 2180 1122 2264 dic,
1167 2180 1319 2264 quid
1363 2181 1599 2247 referat
1640 2183 1812 2247 intra

156 2261 426 2329 Naturae
468 2265 631 2329 fines
671 2265 943 2348 viventi,
986 2265 1208 2350 iugera
1251 2267 1507 2330 centum
1550 2288 1634 2331 an
2007 2279 2075 2331 5⁰

156 2346 324 2413 Mille
351 2349 535 2414 aret?
596 2349 712 2414 ‘At
753 2352 1008 2413 suavest
1035 2370 1113 2413 ex
1138 2371 1376 2434 magno
1419 2350 1648 2415 tollere
1677 2357 1948 2417 acervo?

157 2429 316 2497 Dum
344 2455 424 2498 ex
466 2454 662 2518 parvo
692 2433 880 2498 nobis
909 2434 1286 2498 tantundem
1313 2432 1568 2499 haurire
1595 2435 1947 2519 relinquas,

159 2513 278 2580 Gur
317 2520 429 2582 tua
470 2518 616 2602 plus
659 2517 877 2582 laudes
920 2518 1192 2582 cumeris
1234 2519 1536 2603 granaria
1577 2519 1860 2584 nostris?

158 2597 241 2663 Vt
277 2601 396 2666 tibi
441 2603 495 2666 si
541 2602 628 2666 sit
670 2623 830 2686 opus
873 2602 1098 2686 liquidi
1138 2624 1274 2667 non
1318 2603 1592 2687 amplius
1635 2624 1797 2668 urna

156 2681 270 2748 Vel
311 2685 573 2769 cyatho,
620 2689 686 2751 et
727 2686 900 2751 dicas
945 2691 1204 2772 ‘magno
1249 2686 1328 2751 de
1370 2687 1630 2751 flumine
1670 2687 1921 2770 malim,
2008 2699 2074 2751 55

160 2766 349 2842 Quam
378 2792 455 2834 ex
482 2769 609 2834 hoc
635 2770 950 2835 fonticulo
977 2770 1356 2835 tantundem
1386 2780 1676 2837 sumere.’
1723 2771 1823 2837 Eo
1852 2771 1947 2855 fit,

158 2849 406 2918 Plenior
446 2858 522 2919 ut
563 2855 781 2938 siquos
826 2855 1096 2920 delectet
1139 2856 1325 2940 copia
1366 2856 1565 2940 iusto,

158 2932 311 3001 Cum
350 2939 492 3023 ripa
535 2939 725 3003 simul
765 2939 1017 3004 avolsos
1057 2940 1224 3004 ferat
1263 2940 1532 3005 Aufidus
1577 2961 1740 3006 acer.

156 3018 246 3082 At
283 3023 389 3104 qui
431 3023 663 3088 tantuli
695 3025 860 3108 eget,
905 3027 1208 3108 quantost
1235 3046 1415 3108 opus,
1460 3025 1516 3089 is
1543 3046 1749 3109 neque
1790 3026 1946 3090 limo

158 3100 492 3171 Turbatam
509 3107 725 3173 haurit
743 3129 975 3192 aquam
990 3130 1196 3193 neque
1211 3109 1409 3173 vitam
1426 3110 1665 3174 amittit
1681 3110 1752 3174 in
1771 3111 1976 3175 undis.
2008 3122 2076 3173 60

156 3185 268 3283 At·
285 3189 450 3255 bona
489 3213 638 3276 pars
681 3191 1014 3257 hominum
1060 3193 1324 3277 decepta
1369 3194 1664 3278 cupidine
1706 3194 1869 3259 falso

160 3267 294 3335 ‘Nil
316 3275 465 3339 satis
490 3279 611 3340 est'
636 3277 707 3340 in
750 3278 849 3342 uit
869 3278 1040 3361 ‘quia
1061 3279 1227 3342 tanti
1255 3281 1566 3361 quantum
1593 3277 1828 3343 habeas
1853 3279 1986 3343 sis?

158 3351 322 3427 Quid
358 3359 554 3458 facias
597 3298 751 3458 illi‘}l
796 3361 1024 3427 Iubeas
1066 3362 1370 3426 miserum
1414 3383 1581 3445 esse,
1624 3362 1911 3460 libenter·

158 3435 473 3510 Quatenus
503 3444 570 3509 1d
613 3445 787 3510 facit.
840 3445 943 3512 ·Vt
971 3446 1226 3529 quidam
1256 3449 1643 3511 memoratur
1670 3446 1946 3511 Athenis

160 3517 452 3593 Sordidus
495 3550 570 3594 ac
613 3529 819 3615 dives,
862 3530 1087 3616 populi
1129 3532 1537 3596 contemnere
1579 3551 1766 3596 voces
2006 3543 2072 3593 65
