2588 4046
210 261 295 336 x.]
1027 259 1243 316 mss
1280 259 1326 319 1.
2010 252 2131 319 199

210 424 305 489 'Pu
345 422 572 489 nidum
614 441 857 505 servas,
901 441 1022 506 ego
1067 420 1254 487 laudo
1299 421 1463 488 ruris
1507 421 1761 487 amoeni

208 507 407 573 Rivos
450 510 517 572 et
557 527 776 572 musco
821 505 1175 571 circumlita
1216 526 1372 571 saxa
1412 527 1778 590 nemusque.

209 591 374 668 Quid
420 589 713 674 quaeris?
778 588 944 654 Vivo
981 592 1056 655 et
1094 611 1330 686 regno,
1375 590 1565 655 simul
1607 591 1734 655 ista
1773 588 2003 673 reliqui

208 675 385 752 Quae
427 695 542 739 vos
584 674 667 738 ad
708 674 955 738 caelum
998 673 1233 738 effertis
1274 694 1529 739 rumore
1571 673 1848 739 secundo
1861 721 1880 757 ,

206 759 421 843 thue
463 757 807 823 sacerdotis
972 757 1158 822 ’tivus
1201 758 1333 822 liba
1372 778 1628 823 recusoz
2064 767 2130 819 ιο

204 842 383 908 Pane
426 863 584 928 egeo
627 842 758 906 iam
798 862 901 906 me
957 841 1060 906 ‘tis
1101 842 1351 925 potiore
1393 841 1726 926 placentis.

206 926 441 992 Vivere
481 928 748 991 naturae
791 925 849 990 si
891 925 1342 990 convenienter
1384 928 1669 1010 oportet,

203 1009 673 1094 Ponendaeque
714 1009 904 1074 domo
948 1009 1370 1107 quaerendast
1409 1031 1559 1074 area
1584 1010 1903 1157 'fl-imum:

204 1093 546 1160 Novistine
588 1094 800 1158 locum
841 1096 1157 1176 potlorem
1196 1115 1343 1158 rure
1385 1094 1573 1158 beato

204 1177 330 1243 Est
370 1177 481 1242 ubi
566 1177 668 1241 lus
707 1180 970 1261 tepeant
1010 1175 1284 1261 hiemes,
1327 1178 1437 1242 ubi
1599 1177 1726 1241 tior
1768 1198 1921 1241 aura
2066 1187 2127 1238 ιδ

205 1261 439 1326 Leniat
585 1260 829 1326 rabiem
872 1260 1066 1327 Canis
1111 1263 1175 1325 et
1215 1282 1473 1336 momen
1582 1260 1846 1343 Leonis,

206 1344 372 1411 Cum
414 1346 611 1410 semel
653 1344 901 1428 accepit
942 1342 1156 1410 Solem
1197 1345 1577 1410 furibundus
1619 1343 1916 1410 acutum?

204 1428 330 1494 Est
368 1429 480 1493 ubi
522 1428 783 1493 divellat
821 1448 1080 1493 somnos
1122 1429 1335 1494 minus
1375 1429 1592 1493 invida
1632 1427 1824 1493 cura?

206 1512 505 1578 Deterius
547 1511 804 1596 Libycis
847 1513 980 1577 olet
1020 1516 1131 1578 aut
1172 1513 1339 1578 nitet
1377 1512 1575 1577 herba
1616 1511 1897 1596 lapillis?

206 1596 438 1662 Purior
477 1596 549 1661 in
588 1596 746 1662 vicis
788 1616 955 1680 aqua
995 1596 1204 1661 tendit
1243 1616 1537 1681 rumpere
1578 1596 1938 1680 plumbum,
2065 1608 2132 1658 ιο

206 1679 416 1757 Quam
468 1700 629 1764 quae
671 1701 787 1765 per
827 1701 1101 1765 pronum
1153 1680 1433 1765 trepidat
1457 1700 1670 1828 ecum?
1682 1700 2003 1744 murmure

1418 1785 1627 1828 nvum

205 1849 375 1917 Nem
499 1849 667 1914 inter
709 1847 915 1913 varias
955 1848 1234 1913 nutritur
1276 1847 1438 1914 silva
1478 1848 1807 1912 columnas
1817 1897 1837 1929 ,

207 1933 342 1999 Lau
528 1954 650 2017 que
693 1931 946 2016 domus,
989 1933 1219 2017 longos
1255 1953 1416 2015 quae
1459 1931 1768 2016 prospicit
1795 1950 2001 2016 agros.

207 2016 523 2084 Naturam
565 2017 844 2102 expelles
885 2016 1092 2101 furca,
1135 2018 1355 2082 tamen
1395 2037 1595 2101 usque
1636 2017 1947 2100 recurret,

208 2102 298 2167 Et
335 2102 508 2166 mala
801 2104 914 2185 pet
951 2100 1172 2165 furtim
1213 2101 1474 2166 fastidia
1512 2101 1760 2166 victrix.
2062 2109 2130 2161 25

208 2185 362 2252 Non
405 2187 517 2270 qui
606 2185 824 2250 idonio
868 2184 1252 2251 contendere
1294 2184 1565 2251 callidus
1608 2187 1782 2250 ostro

206 2269 437 2336 Nescit
476 2270 867 2353 Aquinatem
907 2268 1200 2354 potantia
1239 2270 1477 2334 vellera
1518 2269 1737 2334 fucum

208 2352 464 2420 Certius
506 2353 777 2438 accipiet
816 2352 1117 2418 damnum
1159 2373 1276 2437 pro
1324 2354 1501 2418 iusve
1543 2352 1867 2437 medullis,

207 2437 418 2515 Quam
460 2438 569 2521 qui
608 2458 745 2502 non
784 2437 1022 2521 poterit
1062 2457 1211 2502 vero
1304 2436 1319 2451 ⁰
1389 2438 1403 2451 ⁶
1542 2458 1647 2502 ere
1687 2436 1940 2501 falsum.

208 2521 415 2598 Quem
456 2542 558 2586 res
598 2521 744 2605 plus
785 2521 986 2587 nimio
1031 2521 1424 2586 delectavere
1466 2520 1780 2585 secundae
1791 2569 1812 2604 ,
2064 2530 2133 2581 30

208 2605 496 2671 Mutatae
579 2605 844 2671 uatient.
931 2604 1153 2689 Siquid
1194 2604 1535 2688 mirabere,
1578 2624 1780 2688 pones

208 2688 477 2755 Invitus.
617 2710 742 2775 uge
1034 2712 1051 2755 ι
1094 2688 1248 2754 licet
1287 2688 1408 2753 sub
1449 2708 1727 2785 paupere
1766 2690 1939 2752 tecto

209 2773 421 2859 Reges
464 2775 531 2839 et
569 2794 795 2859 regum
836 2796 903 2838 η
1009 2793 1414 2857 praecurrere
1457 2792 1716 2837 amicos.

210 2857 451 2924 Cervus
494 2878 727 2942 equum
764 2879 986 2943 pugna
1025 2857 1253 2922 melior
1293 2855 1738 2921 communibus
1779 2854 1995 2920 herbis

211 2941 530 3025 Pellebat,
574 2941 779 3007 donec
819 2942 1031 3006 minor
1073 2940 1143 3006 in
1171 2940 1520 3005 certamine
1562 2941 1761 3023 longo
2064 2948 2130 3000 85

211 3024 566 3110 Inploravit
605 3045 760 3110 opes
802 3024 1082 3090 hominis
1123 3024 1499 3108 frenumque
1541 3044 1684 3089 rece
1728 3024 1811 3108 it3

212 3108 338 3176 Sed
378 3112 719 3208 postquam
758 3108 928 3174 victo
970 3108 1185 3173 ridens
1228 3107 1522 3174 discessit
1563 3108 1644 3172 ab
1684 3045 1901 3192 floste,

210 3192 361 3259 Non
403 3196 683 3291 equitem
723 3193 942 3277 dorso,
991 3212 1128 3257 non
1167 3192 1421 3258 ficuum
1464 3191 1710 3276 depulit
1750 3212 1881 3257 ore.

214 3275 319 3344 Sic
361 3299 473 3363 qm
515 3277 882 3362 pauperiem
922 3277 1160 3342 veritus
1202 3276 1453 3361 potiore
1495 3276 1772 3341 metallis

213 3360 537 3427 Libertate
580 3364 753 3427 caret
764 3408 785 3445 ‚
829 3360 1158 3426 dominum
1198 3359 1376 3425 vehit
1414 3359 1725 3458 inprobus
1768 3361 1956 3442 atque
2068 3367 2135 3419 40

216 3443 459 3511 serviet
495 3448 825 3511 aeternum
836 3494 856 3528 ,
899 3445 1048 3529 quia
1089 3464 1286 3529 parvo
1331 3445 1573 3509 nesciet
1613 3443 1729 3507 uti.

217 3526 333 3595 Cui
375 3551 511 3595 non
552 3529 891 3595 conveniet
930 3550 1047 3594 sua
1086 3550 1218 3612 res,
1260 3532 1336 3594 ut
1378 3528 1625 3593 calceus
1668 3526 1850 3610 olim,
