2588 4046
431 242 553 308 218
1129 248 1643 306 EP1s¹rVLARvn
2298 247 2367 321 [1.

553 410 795 476 Romae
839 410 1021 476 dulce
1066 410 1175 476 diu
1215 410 1340 475 fuit
1383 413 1446 475 et
1488 411 1794 476 sollemne
1834 410 2081 475 reclusa

554 494 745 560 Mane
791 494 979 560 domo
1022 494 1319 580 vigilare,
1368 494 1587 560 clienti
1628 515 1919 579 promere
1962 494 2131 577 iura,

432 592 528 642 105
560 577 799 644 Cautes
841 579 1211 644 nominibus
1253 579 1445 644 rectis
1491 578 1842 663 expendere
1884 597 2217 662 nummos,

555 662 831 728 Maiores
875 663 1092 729 audire
1103 711 1122 746 ,
1168 663 1405 729 minori
1448 663 1654 729 dicere
1696 684 1812 747 per
1855 683 2015 746 quae

557 744 857 812 Crescere
896 769 1000 813 res
1041 749 1288 831 posset,
1334 747 1539 811 minui
1584 747 1891 812 damnosa
1930 745 2152 810 libido.

433 842 527 894 101
560 829 726 906 Quid
752 832 964 915 placet
991 834 1101 897 aut
1128 831 1368 915 odiost,
1399 830 1569 914 quod
1595 852 1730 897 non
1756 830 2061 896 mutabile
2090 830 2362 895 credas?

556 913 830 980 Mutavit
870 918 1149 981 mentem
1190 915 1466 999 populus
1509 915 1667 980 levis
1677 964 1696 999 ,
1743 917 1808 980 et
1849 915 2016 980 calet
2055 934 2190 979 uno

559 996 890 1063 Scribendi
933 1000 1175 1065 studioz
1216 999 1399 1083 pueri
1440 1002 1778 1084 patresque
1823 997 2024 1064 severi

436 1095 532 1146 110
560 1080 813 1147 Fronde
857 1104 1067 1150 comas
1110 1083 1311 1148 vincti
1353 1086 1584 1149 cenant
1621 1087 1687 1148 et
1728 1082 2009 1148 carmina
2050 1082 2319 1148 dictant.

558 1164 705 1249 Ipse
749 1188 899 1252 ego,
945 1168 1053 1250 qui
1093 1167 1308 1233 nullos
1351 1189 1453 1232 me
1496 1167 1759 1233 adfirmo
1800 1167 2075 1232 scribere
2118 1187 2364 1252 versus,

557 1247 859 1315 Invenior
900 1250 1153 1317 Parthis
1196 1251 1590 1335 mendacior,
1637 1254 1702 1316 et
1741 1251 1917 1335 prius
1961 1253 2103 1315 orto

560 1331 709 1398 Sole
752 1334 912 1419 vigil
949 1337 1267 1401 calamum
1312 1339 1376 1400 et
1416 1337 1665 1402 chartas
1709 1338 1775 1400 et
1817 1334 2052 1401 scrinia
2092 1355 2318 1418 posco.

557 1415 621 1482 N
625 1418 795 1483 avim
819 1440 1008 1503 agere
1036 1421 1299 1517 ignarus
1320 1421 1501 1485 navis
1530 1421 1731 1504 timet,
1761 1419 2144 1484 abrotonum
2165 1439 2365 1503 aegro

436 1515 533 1564 115
560 1499 714 1566 Non
742 1501 933 1568 audet
958 1505 1084 1568 nis1
1112 1506 1221 1587 qui
1244 1503 1467 1569 didicit
1489 1504 1637 1569 dare
1688 1503 1858 1587 quod
1885 1502 2365 1588 medicorumst,

557 1583 951 1652 Promittant
990 1588 1249 1670 medici,
1296 1590 1573 1653 tractant
1614 1552 1868 1652 fabrilia
1908 1586 2104 1672 fabri;

559 1668 907 1736 Scribimus
949 1671 1195 1736 indocti
1237 1670 1533 1756 doctique
1574 1673 1865 1755 poemata
1905 1670 2167 1768 passim.

557 1752 683 1819 Hic
728 1776 903 1820 error
943 1758 1163 1821 tamen
1206 1758 1270 1820 et
1303 1756 1468 1822 >levis
1510 1755 1669 1822 haec
1710 1756 1964 1820 insama
2005 1756 2285 1838 quantas

558 1837 845 1905 Virtutes
887 1840 1149 1923 habeat,
1196 1840 1287 1904 sic
1332 1841 1592 1926 collige:
1635 1839 1801 1904 vatis
1845 1860 2070 1904 avarus

437 1935 535 1986 120
561 1922 715 1989 Non
768 1926 1069 1989 temerest
1110 1924 1389 2010 animus3
1445 1944 1662 2011 versus
1715 1925 1916 2006 amat,
1970 1923 2093 1987 hoc
2149 1923 2370 1989 studet

1644 2029 1871 2074 unum·

559 2092 990 2177 Detrimenta,
1033 2094 1221 2178 fugas
1265 2113 1620 2176 servorum,
1664 2058 1960 2157 incendia
2001 2091 2197 2176 ridet,

559 2176 713 2244 Non
754 2177 1044 2243 fraudem
1088 2177 1259 2242 socio
1302 2197 1576 2261 puerove
1618 2176 1932 2262 incogitat
1971 2176 2171 2241 ullam

559 2259 656 2325 Pu
701 2260 841 2346 illo;
887 2262 1045 2326 vivit
1086 2262 1332 2345 siliquis
1377 2263 1442 2326 et
1481 2282 1646 2344 pane
1691 2260 1998 2345 secund03

560 2343 655 2407 Mi
689 2345 831 2409 ‘tiae
875 2366 1256 2430 quamquam
1297 2344 1482 2429 piger
1525 2348 1591 2410 et
1630 2345 1867 2427 malua,
1912 2343 2087 2409 utilis
2128 2344 2312 2429 urbi,

439 2440 533 2490 125
564 2427 634 2493 Si
677 2428 790 2492 das
833 2429 985 2513 hoc,
1028 2429 1239 2513 parvis
1285 2449 1536 2512 quoque
1577 2429 1767 2496 rebus
1808 2450 1876 2494 m
2007 2449 2046 2492 a
2085 2427 2314 2495 iuvari.

562 2511 653 2577 Os
696 2515 985 2578 tenerum
1027 2513 1210 2596 pueri
1250 2513 1634 2595 balbumque
1676 2516 1869 2597 poeta
2113 2515 2171 2596 t,

561 2596 845 2679 Torquet
872 2597 953 2661 ab
983 2596 1314 2663 obscaenis
1336 2598 1466 2661 iam
1497 2618 1670 2662 nunc
1692 2597 1970 2662 sermoni
2014 2618 2088 2660 us
2119 2617 2367 2682 aurem,

561 2680 717 2744 Mox
760 2681 953 2745 etiam
994 2684 1215 2765 pectus
1304 2679 1612 2764 raeceptis
1655 2680 1892 2745 format
1933 2679 2154 2744 amicis
2168 2726 2190 2764 ,

560 2764 943 2847 Asperitatis
988 2767 1054 2829 et
1094 2765 1227 2830 invi
1296 2786 1369 2829 ae
1413 2767 1730 2830 corrector
1774 2768 1839 2829 et
1879 2763 2042 2847 irae,

441 2860 537 2911 130
562 2847 760 2913 Recte
802 2848 974 2913 faeta
1015 2849 1235 2932 refert,
1287 2848 1560 2914 orientia
1600 2851 1892 2933 tempora
1933 2847 2104 2912 notis

560 2932 831 2996 Instruit
874 2934 1207 3017 exemplis,
1251 2932 1511 3017 inopem
1555 2934 1795 2998 solatur
1837 2934 1902 2997 et
1943 2952 2227 3017 aegrum.

564 3015 771 3081 Castis
816 3037 959 3081 cum
1045 3017 1214 3083 ueris
1256 3017 1484 3102 ignara
1524 3017 1737 3100 puella
1778 3015 1992 3081 mariti

560 3099 853 3164 Disceret
893 3122 982 3165 un
1028 3123 1061 3165 e
1103 3121 1353 3185 preces,
1398 3103 1610 3166 vatem
1652 3102 1723 3165 ni
1763 3101 1953 3165 Musa
1994 3099 2324 3164 dedisset?

560 3183 780 3248 Poscit
822 3204 1009 3267 opem
1053 3185 1281 3249 chorus
1329 3186 1392 3249 et
1433 3184 1794 3268 praesentia
1834 3183 2100 3249 numina
2140 3184 2367 3269 sentit,

439 3279 534 3329 135
565 3266 887 3333 Caelestes
930 3269 1000 3332 in
1044 3270 1209 3334 lorat
1251 3289 1446 3352 aquas
1492 3269 1678 3334 docta
1718 3288 1905 3352 prece
1947 3266 2254 3352 blandus,

559 3353 817 3417 Avertit
856 3374 999 3418 mor
1043 3373 1146 3437 os,
1190 3352 1531 3429 metuenda
1570 3352 1854 3436 pericula
1894 3352 2105 3436 pellit,

560 3435 851 3519 Inpetrat
884 3440 950 3502 et
976 3458 1199 3521 pacem
1230 3440 1296 3502 et
1337 3437 1720 3520 locupletem
1761 3435 2052 3520 frugibus
2096 3456 2369 3504 annum.

561 3518 857 3584 Carmine
901 3519 966 3587 di
1010 3521 1221 3605 superi
1263 3522 1629 3605 placantur,
1674 3519 1950 3586 carmine
1992 3519 2242 3586 Manes.
