2588 4046
495 256 578 320 84

495 435 562 484 25

497 1342 562 1390 35

499 3003 564 3051 10

500 3455 561 3503 15

1141 237 1646 315 ‘offlmvu

667 422 809 487 Illic
853 422 951 487 bis
995 422 1174 505 pueri
1218 421 1339 484 die.

748 507 1004 571 Numen
1048 526 1191 570 cum
1233 505 1472 569 teneris
1514 505 1868 591 virginibus
1911 508 2094 571 tuum

664 590 1023 655 Laudantes
1069 589 1229 673 pede
1273 588 1543 653 candido

748 674 828 738 In
869 695 1113 739 morem
1157 672 1399 738 Salium
1440 676 1539 737 ter
1583 674 1871 757 quatient
1911 673 2198 739 humum.

664 792 771 856 Me
812 812 932 856 nec
974 790 1214 855 femina
1255 811 1375 855 nec
1417 811 1576 873 puer

747 875 885 939 Iam
925 896 1045 939 nec
1089 896 1234 972 spes
1278 874 1477 939 animi
1521 874 1775 940 credula
1817 874 2051 958 mutui,

663 959 728 1026 N
731 980 803 1024 ec
847 962 1089 1024 certare
1133 961 1309 1023 mvat
1348 979 1525 1021 mero

748 1043 887 1109 Nec
928 1042 1168 1107 vincire
1208 1042 1394 1106 novis
1436 1044 1725 1126 tempora
1766 1042 2046 1107 floribus.

667 1160 792 1225 Sed
836 1181 948 1225 cur
988 1160 1143 1243 heu,
1187 1159 1521 1244 Ligurine,
1568 1180 1680 1224 cur

749 1244 974 1308 Manat
1013 1265 1156 1308 rara
1196 1264 1370 1307 meas
1414 1243 1675 1308 lacrima
1717 1264 1830 1327 per
1873 1242 2116 1328 genas?

632 1342 638 1347 ·
668 1328 797 1393 Cur
841 1328 1113 1393 facunda
1152 1349 1380 1412 parum
1423 1326 1652 1392 decoro

748 1411 926 1476 Inter
967 1413 1162 1477 verba
1204 1411 1375 1477 cadit
1418 1411 1639 1496 lingua
1682 1411 1981 1477 silentio?

665 1529 1014 1594 Nocturnis
1060 1550 1179 1614 ego
1224 1529 1490 1593 somniis

748 1612 886 1677 Iam
925 1616 1181 1697 captum
1223 1616 1441 1696 teneo,
1486 1613 1614 1677 iam
1658 1613 1979 1677 volucrem
2022 1633 2260 1697 sequor

665 1697 756 1763 Te
798 1718 913 1781 per
954 1698 1245 1795 gramina
1286 1696 1503 1761 Martii

754 1781 1013 1866 Campl,
1057 1784 1122 1847 te
1164 1802 1278 1866 per
1320 1802 1543 1865 aquaS,
1589 1781 1771 1864 dure,
1816 1780 2145 1846 volubiles.

1410 2036 1486 2109 H

664 2169 1012 2234 Pindarum
1055 2169 1339 2253 quisquis
1385 2169 1599 2233 studet
1636 2168 1967 2254 aemulari,

663 2252 830 2336 Iule,
877 2252 1103 2318 ceratis
1147 2274 1268 2337 ope
1314 2251 1631 2317 Daedalea

664 2335 911 2401 Nititur
959 2337 1181 2418 pinnis
1223 2336 1426 2401 vitreo
1472 2337 1728 2403 daturus

748 2420 1030 2486 Nomi-na
1071 2422 1291 2504 ponto,

663 2537 885 2601 Monte
929 2537 1266 2602 decurrens
1309 2538 1486 2603 velut
1526 2539 1731 2603 amnis
1743 2587 1761 2622 ,
1806 2539 2039 2605 imbres

665 2620 867 2696 Quem
911 2642 1100 2705 super
1141 2624 1328 2686 notas
1371 2622 1582 2688 aluere
1624 2621 1795 2707 ripas
1808 2672 1828 2704 ,

663 2703 893 2769 Fervet
935 2706 1387 2789 inmensusque
1429 2707 1562 2770 ruit
1601 2708 1919 2790 profundo

747 2788 1060 2854 Pindarus
1105 2810 1242 2874 ore,

663 2906 908 2971 Laurea
950 2906 1280 2976 donandus
1324 2907 1714 2992 Apollinari,

667 2989 792 3055 Seu
833 3012 948 3074 per
991 2990 1259 3056 audaces
1302 3007 1471 3056 nova
1514 2991 1946 3076 dithyrambos

664 3073 879 3139 Verba
921 3074 1202 3139 devolvit
1242 3076 1649 3160 numerisque
1692 3077 1893 3141 fertur

750 3157 923 3244 Lege
966 3159 1193 3224 solutis
1205 3207 1223 3242 ,

667 3274 792 3346 Seu
836 3274 987 3339 deos
1030 3297 1293 3361 regesve
1338 3278 1539 3362 canit,
1589 3277 1850 3343 deorum

668 3359 1086 3444 Sanguinem,
1130 3381 1245 3444 per
1287 3382 1447 3444 quos
1490 3362 1773 3427 cecidere
1812 3359 1980 3427 'iusta

669 3442 880 3507 Morte
924 3443 1251 3526 Centauri,
1298 3445 1527 3511 cecidit
1568 3446 1932 3512 tremendae

754 3525 1040 3592 Flamma
1084 3527 1486 3597 Chimaerae:

2380 260 2449 334 [1.
