2588 4046
197 282 350 356 1111.]
1001 278 1216 333 LIBER
1258 278 1328 334 11.
2012 270 2124 334 171

195 444 354 509 Non
396 443 571 527 prius
615 444 834 507 exacta
875 440 1052 506 tenui
1093 440 1342 505 ratione
1386 460 1702 523 saporum.

198 528 342 593 Nec
385 527 539 591 satis
585 529 711 609 est,
756 546 902 590 cara
942 526 1149 609 pisces
1192 545 1480 589 averrere
1521 544 1744 588 mensa

199 610 507 696 Ignarum
519 659 539 693 ,
585 610 813 709 quibus
858 611 957 674 est
998 609 1096 673 ius
1140 609 1350 692 aptius
1395 611 1462 672 et
1501 607 1729 690 quibus
1772 606 1932 671 assis

436 694 572 758 'dus
615 716 684 758 m
727 693 1010 758 cubitum
1053 693 1182 757 iam
1227 712 1294 756 se
1339 691 1606 757 conviva
1645 692 1932 774 reponet.

199 779 446 843 Vmber
489 781 555 842 et
597 778 668 841 ili
764 799 802 841 a
842 777 1121 842 nutritus
1171 775 1409 862 glande
1450 774 1759 840 rotundas
2063 786 2131 835 40

201 863 445 929 Curvat
487 883 638 946 aper
705 882 893 926 ances
938 881 1191 925 carnem
1232 860 1497 925 vitantis
1541 859 1839 923 inertem:

199 947 374 1012 Nam
399 946 681 1010 Laurens
709 947 915 1010 malus
945 947 1070 1029 est,
1098 944 1263 1010 ulvis
1294 947 1361 1009 et
1389 943 1697 1008 arundine
1768 941 2003 1026 inguis.

202 1030 413 1094 Vinea.
453 1030 774 1094 submittit
815 1051 1072 1113 capreas
1113 1050 1248 1093 non
1300 1049 1551 1112 semper
1593 1027 1671 1091 ed
1740 1048 1825 1090 es.

201 1113 536 1180 Fecundae
579 1114 814 1198 leporis
859 1114 1113 1197 sapiens
1156 1113 1503 1177 sectabitur
1546 1131 1777 1175 armos,

202 1198 496 1263 Piscibus
539 1200 726 1282 atque
761 1198 982 1262 avibus
1025 1218 1185 1295 quac
1226 1200 1457 1261 natura
1484 1198 1549 1260 et
1590 1195 1757 1260 foret
1798 1197 1970 1260 aetas
1983 1243 2002 1278 ‚
2066 1205 2134 1256 45

203 1285 377 1347 Ante
407 1303 630 1346 'meum
672 1283 835 1346 nulli
877 1284 1085 1379 patuit
1126 1281 1411 1365 quaesita
1450 1280 1756 1363 palatum.

204 1366 373 1432 Sunt
389 1387 659 1450 quorum
683 1366 1012 1463 ingenium
1025 1386 1193 1429 nova
1211 1364 1766 1444 tantumjcrustula
1782 1363 2037 1447 promit.

204 1451 626 1535 Nequaquam
670 1453 826 1514 satis
868 1451 939 1514 in
979 1470 1049 1514 re
1090 1471 1218 1513 una
1261 1470 1631 1513 consumere
1678 1469 1922 1532 curam,

205 1535 297 1599 Vt
322 1535 521 1618 siquis
550 1535 757 1599 solum
798 1534 924 1599 hoc
934 1583 955 1618 ‚
997 1533 1168 1597 mala
1207 1554 1291 1598 ne
1334 1534 1466 1598 sint
1505 1534 1684 1616 vina,
1730 1532 2007 1615 laboret,

203 1620 395 1694 Quali
435 1619 779 1702 perfundat
818 1618 1025 1703 pisces
1069 1638 1326 1683 securus
1369 1617 1556 1682 olivo,
2068 1627 2136 1676 50

208 1704 487 1767 Massica
530 1704 586 1768 si
629 1703 804 1768 caelo
849 1722 1167 1786 suppones
1209 1702 1359 1766 vina
1404 1721 1626 1766 sereno
1643 1749 1663 1784 ,

207 1788 568 1871 Nocturna,
614 1787 668 1851 si
713 1785 822 1851 uid
865 1786 1124 1851 crassist
1136 1836 1154 1869 ‚
1200 1785 1571 1850 tenuabitur
1612 1805 1794 1867 aura,

207 1872 296 1940 Et
339 1871 603 1937 decedet
645 1891 683 1935 o
731 1891 803 1935 or
842 1871 1054 1935 nervis
1097 1871 1425 1955 inimicus3
1469 1871 1537 1934 at
1577 1869 1690 1933 illa

207 1956 542 2041 Integrum
583 1955 858 2040 perdunt
898 1955 1033 2021 lino
1075 1955 1303 2019 vitiata
1344 1974 1653 2039 saporem.

207 2040 587 2107 Surrentina.
626 2040 806 2105 vafer
895 2040 963 2104 ui
1004 2041 1232 2104 miscet
1272 2039 1449 2104 faece
1492 2038 1765 2103 Falerna
2069 2047 2138 2100 55

206 2124 409 2208 Vina,
454 2124 818 2190 columbino
893 2124 1085 2188 'mum
1126 2124 1289 2188 bene
1335 2124 1585 2207 colligit
1624 2143 1746 2188 ovo
1758 2171 1777 2206 ‚

207 2209 535 2285 Quatenus
577 2209 707 2273 ima.
746 2209 911 2292 petit
950 2208 1212 2273 volvens
1255 2208 1464 2272 aliena.
1504 2206 1779 2271 vitellus.

207 2293 424 2358 Tostis
466 2295 856 2357 marcentem
898 2292 1146 2376 squillis
1187 2290 1504 2356 recreabis
1549 2293 1615 2355 et
1655 2290 1817 2354 Afra.

207 2377 509 2442 Potorem
553 2376 842 2442 cochlea:
885 2397 1037 2440 nam
1078 2376 1329 2441 lactuca
1370 2376 1623 2439 innatat
1662 2376 1794 2439 acri

207 2461 369 2527 Post
394 2461 615 2525 vinum
644 2460 1001 2525 stomacho·
1032 2480 1234 2543 perna
1261 2460 1466 2544 magis
1498 2480 1572 2523 ac
1600 2480 1666 2522 m
1760 2459 1808 2522 ‘s
1836 2457 2012 2522 hillis
2072 2471 2139 2520 60

208 2545 499 2630 Flagitat
537 2546 859 2610 inmorsus
899 2510 1074 2609 refici
1150 2544 1306 2627 quin
1349 2543 1564 2608 omnia.
1604 2564 1710 2606 ma
1743 2543 1815 2625 't‚

207 2630 658 2712 Quaecumque
699 2628 1025 2693 inmundis
1066 2593 1320 2695 fervent
1358 2627 1573 2691 adlata
1612 2626 1890 2723 popinis.

207 2715 332 2779 Est
374 2734 601 2797 operae
618 2713 919 2862 §retium
963 2712 1047 2777 du
1092 2712 1231 2776 licis
1273 2731 1653 2796 pernoscere
1694 2710 1850 2773 1uris
1944 2728 1961 2742 ·

207 2799 273 2866 N
274 2802 568 2864 aturam.·
665 2797 902 2881 implex
946 2818 980 2861 e
1066 2796 1194 2861 ulci
1236 2798 1490 2861 constat
1531 2794 1702 2859 olivo
1714 2841 1734 2877 ‚

207 2881 396 2959 Quod
485 2881 666 2967 ing-ui
707 2881 973 2946 miscere
1016 2900 1191 2945 mero
1232 2881 1564 2963 muriaque
1607 2877 1856 2943 decebit
2074 2888 2140 2940 65

208 2967 364 3033 Non
404 2905 534 3031 aiia
576 2987 763 3050 quam
809 2986 932 3048 qua.
971 2964 1282 3047 Byzantia
1368 2964 1538 3029 utuit
1580 2983 1747 3027 orca.

209 3049 353 3116 Hoc
394 3050 506 3116 ubi
551 3049 885 3114 confusum
923 3049 1111 3113 sectis
1153 3048 1322 3112 infer
1364 3049 1462 3113 uit
1500 3047 1715 3112 herbis

207 3134 484 3218 Corycio
530 3155 608 3198 ue
652 3153 839 3198 croco
885 3154 1173 3217 sparsum
1217 3132 1424 3216 stetit,
1468 3133 1728 3215 insuper
1770 3129 1963 3194 addes

208 3219 443 3283 Pressa
547 3217 887 3282 enafranae
930 3216 1100 3314 quod
1140 3216 1305 3281 baca
1345 3216 1591 3281 remisit
1632 3214 1856 3279 olivae.

208 3300 465 3368 Picenis
508 3301 741 3367 cedunt
781 3322 989 3386 pomis
1032 3300 1323 3365 Tiburtia
1365 3322 1546 3366 suco:
2076 3308 2145 3359 ‘10

209 3386 274 3450 N
275 3408 381 3451 am
423 3386 590 3451 facie
632 3389 973 3469 praestant.
1031 3384 1462 3452 Vennuncula
1504 3382 1806 3448 convenit
1847 3381 2019 3462 ollis3

211 3470 474 3536 Rectius
515 3470 834 3535 Albanam
876 3470 1055 3534 fumo
1100 3468 1423 3533 duraveris
1467 3488 1673 3531 uvam,

214 3553 397 3620 Hanc
427 3575 550 3642 ego
582 3575 726 3620 cum
754 3555 970 3639 malis,
1002 3574 1123 3641 ego
1167 3553 1410 3617 faecem
1452 3552 1695 3637 primus
1731 3550 1796 3612 et
1825 3547 2015 3630 allec,
