2588 4046
207 273 424 348 πω]
1033 275 1248 332 mma
1288 276 1334 335 1.
1997 274 2119 339 211

207 436 602 500 Alterutrum
641 437 828 502 velox
870 436 1136 502 victoria
1177 438 1404 504 fronde
1446 443 1726 506 coronet.

205 518 580 588 Consentire
624 520 755 586 suis
800 520 1026 587 studiis
1070 521 1177 604 qui
1222 522 1557 590 crediderit
1596 527 1691 609 te,
2057 536 2123 588 ω

202 602 441 668 Fautor
482 604 751 688 utroque
791 607 974 669 tuum
1016 605 1302 671 laudabit
1342 607 1575 692 pollice
1617 608 1855 673 ludum.

202 686 502 752 Protinus
544 690 619 753 ut
658 708 981 773 moneam,
1027 689 1236 774 siquid
1276 691 1615 757 monitoris
1659 713 1808 778 eges
1852 693 1953 757 tu:

203 769 370 846 Quid
413 770 491 835 de
536 791 784 855 quoque
825 773 962 836 viro
1007 775 1075 837 et
1115 774 1217 838 cui
1259 773 1434 840 dicas
1510 796 1617 840 sae
1664 796 1699 840 e
1741 775 1971 841 videto.

201 854 719 920 Percontatorem
883 857 1000 922 ‘toz
1043 877 1194 921 nam
1235 824 1527 943 gan-usus
1577 860 1590 873 '
1637 862 1828 942 emst,

201 937 339 1004 Nec
381 938 662 1003 retinent
702 942 815 1023 pat
999 941 1317 1006 conmissa
1357 942 1629 1007 fideliter
1671 963 1883 1027 aures,
2054 956 2122 1007 '10

199 1021 289 1087 Et
331 1022 530 1087 semel
573 1022 874 1087 emissum
918 1023 1094 1088 volat
1134 1024 1560 1091 inrevocabile
1602 1027 1884 1092 verbum.

200 1104 263 1171 N
266 1127 351 1170 on
397 1105 631 1171 ancilla
670 1108 852 1172 tuum
893 1108 1069 1173 iecur
1109 1108 1349 1173 ulceret
1389 1109 1522 1175 ulla
1562 1131 1796 1195 puerve

199 1189 381 1254 Intra
421 1210 846 1256 marmoreum
888 1192 1232 1257 venerandi
1274 1193 1471 1258 limen
1513 1194 1733 1278 amici,

177 1273 261 1347 ,N
264 1294 299 1339 e
342 1273 638 1339 dominus
679 1275 863 1359 pueri
903 1275 1155 1360 pulchri
1198 1295 1460 1343 caraeve
1502 1279 1750 1362 puellae

199 1356 463 1423 Munere
504 1359 571 1423 te
612 1379 807 1442 parvo
852 1358 1001 1425 beet
1041 1362 1152 1425 aut
1190 1360 1633 1427 incommodus
1675 1365 1888 1449 angat.
2054 1375 2120 1427 ⁷5

200 1440 465 1517 Qualem
519 1440 956 1527 commendes,
1015 1444 1208 1509 etiam
1261 1448 1453 1530 atque
1506 1446 1696 1511 etiam
1749 1447 1993 1532 aspice,

1409 1550 1492 1594 ne
1534 1551 1685 1596 mox

196 1608 526 1674 Incutiant
566 1609 774 1676 aliena
815 1610 934 1675 tibi
975 1615 1240 1696 peccata
1279 1612 1606 1697 pudorem.

196 1691 505 1757 Fallimur
567 1695 632 1758 et
702 1693 980 1759 uondam
1007 1715 1140 1759 non
1169 1695 1436 1780 dignum
1461 1696 1797 1762 tradimus:
1839 1718 1990 1783 ergo

196 1775 402 1853 Quem
445 1797 559 1842 sua
600 1798 635 1843 c
747 1798 786 1842 a
826 1781 1100 1862 premet,
1147 1778 1446 1864 deceptus
1491 1780 1713 1846 omitte
1755 1781 1949 1866 tueri3

193 1858 285 1925 Vt
325 1860 584 1945 penitus
625 1800 878 1945 nogum,
925 1862 980 1927 si
1023 1864 1339 1947 temptent
1381 1863 1672 1949 crimina,
1718 1885 1926 1930 serves
2051 1877 2119 1928 80

194 1943 447 2009 'Puteris
492 1965 571 2010 ue
612 1946 726 2009 tuo
769 1944 1071 2011 fidentem
1111 1946 1461 2032 praesidio:
1506 1948 1615 2033 qui

193 2027 407 2094 Dente
551 2030 782 2095 eonino
827 2051 971 2096 cum
1015 2031 1500 2097 circumroditur
1513 2080 1533 2117 ,
1578 2033 1802 2130 ecquid

192 2112 301 2177 Ad
340 2115 406 2177 te
447 2115 597 2197 post
637 2113 853 2197 paullo
894 2117 1163 2179 ventura
1203 2116 1488 2200 pericula
1529 2115 1769 2181 sentis?

192 2196 366 2263 Nam
406 2198 520 2261 tua
543 2217 646 2262 res
779 2197 901 2262 ’tur
915 2245 934 2281 ,
976 2199 1183 2283 paries
1227 2220 1373 2265 cum
1414 2200 1741 2284 proximus
1784 2201 1990 2286 ardet,

192 2279 283 2345 Et
324 2281 621 2366 neglecta
661 2218 871 2346 efflat
909 2282 1205 2347 incendia
1246 2304 1494 2349 sumere
1535 2284 1720 2349 vires.
2048 2296 2115 2349 85

193 2362 418 2429 Dulcis
460 2364 805 2449 inexpertis
850 2366 1096 2431 cultura
1135 2367 1421 2450 potentis
1465 2368 1682 2453 amici3

191 2446 513 2532 Expertus
555 2448 802 2514 metuit.
892 2448 1018 2533 Tu,
1064 2450 1214 2515 dum
1256 2453 1371 2516 tua
1409 2452 1591 2516 navis
1634 2452 1704 2516 in
1746 2452 1972 2536 altost,

192 2529 338 2595 Hoc
385 2552 534 2617 age,
576 2554 661 2596 ne
702 2535 946 2597 mutata
986 2536 1333 2600 retrorsum
1375 2537 1441 2600 te
1483 2535 1650 2600 ferat
1692 2555 1861 2601 aura.

194 2614 485 2680 Oderunt
524 2614 792 2681 hilarem
833 2617 1049 2682 tristes
1090 2618 1464 2702 tristemque
1506 2618 1736 2702 iocosi,

192 2697 497 2764 Sedatum
542 2700 804 2784 celeres,
937 2700 951 2714 ⁶
981 2722 1083 2767 em
1141 2724 1373 2768 navum
1424 2723 1502 2767 ue
1555 2702 1834 2788 remissi3
2048 2715 2117 2766 90

191 2781 460 2847 Potores
507 2781 733 2871 [bibuli
775 2805 876 2850 me
927 2785 940 2798 ”
1025 2785 1103 2851 de
1145 2789 1336 2852 nocte
1434 2786 1634 2851 alerni

191 2864 502 2954 Oderunt]
548 2871 842 2952 porrecta
881 2872 1227 2954 negantem
1266 2870 1525 2955 pocula,
1571 2869 1861 2955 quamvis

189 2948 255 3015 N
258 2952 558 3016 octurnos
600 2950 768 3017 iures
809 2954 876 3018 te
916 2953 1257 3018 formidare
1298 2957 1573 3039 tepores.

189 3032 393 3099 Deme
436 3036 771 3120 supercilio
814 3036 1080 3103 nubem:
1123 3039 1495 3123 plerumque
1537 3036 1861 3104 modestus

191 3116 481 3203 Occupat
521 3118 775 3185 obscuri
816 3121 1123 3205 speciem,
1163 3121 1517 3186 taciturnus
1559 3122 1791 3188 acerbi.
2049 3132 2114 3184 95

188 3199 369 3267 Inter
410 3206 640 3268 cuncta
682 3205 857 3290 leges
901 3207 966 3269 et
1052 3206 1463 3271 ercontabere
1506 3206 1728 3272 doctos
1741 3254 1761 3290 ,

190 3285 331 3360 Qua
370 3286 619 3352 ratione
663 3308 854 3371 queas
896 3291 959 3353 tr
1041 3310 1226 3354 ucere
1270 3290 1499 3355 leniter
1542 3311 1798 3374 aevum,

188 3367 363 3434 Num
402 3373 471 3435 te
513 3391 764 3456 semper
804 3372 993 3457 inops
1034 3374 1235 3459 agitet
1281 3376 1589 3458 vexetque
1634 3374 1894 3459 cupido,

190 3451 362 3518 Num
402 3475 606 3539 pavor
647 3458 713 3520 et
753 3476 965 3522 rerum
1006 3457 1411 3524 mediocriter
1451 3458 1707 3523 utilium
1752 3477 1928 3543 spes,

189 3533 511 3605 Virtutem
554 3539 842 3606 doctrina
882 3544 1063 3626 paret
1103 3544 1415 3609 naturane
1459 3540 1681 3628 donet,
2020 3551 2117 3604 100

1711 3640 1812 3696 14*
