2588 4046
191 251 365 329 mu]
928 254 1142 310 mena
1183 254 1253 313 11,
1969 243 2048 307 47

951 436 1214 513 XVIII.

313 566 445 634 Non
485 570 637 634 ebur
681 588 887 652 neque
932 589 1190 633 aureum

384 653 519 718 Mea
560 653 812 718 renidet
853 653 922 717 in
966 653 1154 716 domo
1201 652 1489 736 lacunar,

313 734 444 802 Non
483 737 693 802 trabes
739 736 802 800 Η
913 737 1103 800 ettiae

382 821 679 887 Premunt
722 842 796 885 co
825 840 1049 885 umnas
1093 820 1317 884 ultima
1359 820 1593 884 recisas

309 954 536 1039 Africa,
580 978 627 1019 n
707 976 787 1020 ue
830 954 1037 1019 Attali
2016 964 2050 1014 5

382 1038 641 1125 Ignotus
732 1060 868 1104 eres
912 1039 1155 1136 regiam
1200 1039 1533 1122 occupavi,

309 1120 363 1188 N
365 1144 430 1188 ec
470 1123 814 1189 Laconicas
859 1122 1021 1187 miln
1398 1190 1409 1199 „

381 1206 662 1272 Trahunt
703 1207 1012 1272 honestae
1054 1228 1366 1291 purpuras
1414 1207 1701 1271 clientas.

307 1341 387 1406 At
424 1342 574 1407 fides
620 1345 684 1407 et
724 1341 948 1427 ingeni

380 1424 665 1523 Benigna
709 1428 958 1508 venast‚
1003 1446 1469 1509 pauperemque
1514 1425 1689 1490 dives
1989 1438 2052 1487 ιο

307 1506 399 1574 Me
439 1513 630 1594 petlt:
686 1509 850 1573 nihil
894 1531 1086 1594 supra

379 1592 544 1658 Deos
588 1595 831 1659 lacesso
873 1615 993 1659 nec
1036 1595 1365 1678 potentem
1410 1593 1681 1658 amicum

310 1726 596 1814 Largiora
633 1727 854 1814 flagito
867 1778 886 1813 ,

385 1811 547 1877 Satis
588 1813 814 1878 beatus
858 1812 1064 1878 unicis
1111 1811 1383 1877 Sabinis.

309 1892 590 1962 Truditur
634 1898 768 1962 dies
812 1896 943 1980 die,
1988 1908 2050 1958 15

379 1979 717 2066 Novasque
759 1985 1039 2067 pergunt
1079 1981 1338 2047 interire
1382 1981 1587 2047 lunae.

309 2110 393 2179 Tu
432 2117 701 2181 secanda
742 2137 1060 2181 marmora

381 2198 572 2284 1429&
618 2202 736 2266 sub
782 2201 993 2284 ipsum
1034 2201 1224 2265 fimus
1269 2204 1336 2265 et
1378 2201 1651 2284 sepulcri

308 2279 609 2350 Inmemor
654 2285 846 2350 struis
892 2284 1142 2368 domos,

382 2366 691 2453 Max-isque
734 2368 887 2432 Bais
933 2369 1359 2453 obstrepentis
1402 2389 1636 2455 urgues
1986 2382 2053 2432 20

310 2498 674 2569 Submovere
726 2503 945 2587 litora,

381 2585 602 2652 Parum
647 2588 931 2671 locuples
977 2588 1349 2653 continente
1388 2588 1547 2672 ripa.

311 2665 457 2742 Quid
499 2672 666 2756 quod
709 2693 909 2770 usque
953 2672 1276 2756 proximos

380 2751 649 2820 Revellis
694 2777 836 2841 agn
878 2756 1185 2820 terminos
1232 2759 1298 2820 et
1338 2756 1508 2820 ultra

308 2882 551 2954 Limites
597 2890 926 2955 clientium
1656 2908 1667 2916 ’
1986 2903 2053 2953 ²⁵

383 2969 537 3037 Salis
581 2973 855 3039 avarus?
939 2975 1207 3040 Pellitur
1248 2977 1548 3059 paternos

308 3049 377 3116 In
417 3057 554 3122 sinu
596 3059 810 3122 ferens
854 3058 1004 3123 deos

382 3137 465 3204 Et
504 3163 662 3206 uxor
707 3144 773 3206 et
814 3142 910 3207 vir
954 3142 1368 3226 sordidosque
1411 3145 1617 3208 natos.

312 3267 490 3338 Nulla
531 3278 763 3342 certior
804 3279 1021 3341 tamen

384 3355 645 3442 Rapacis
691 3361 823 3426 orci
867 3362 993 3425 fine
1038 3361 1357 3426 destinata
1990 3373 2057 3422 80

313 3437 462 3505 Aula
503 3443 762 3510 divitem
806 3449 1023 3510 manet

383 3522 591 3594 Erum.
667 3528 834 3605 Quid
877 3531 1045 3596 ultra
1087 3530 1342 3595 tendis?
1419 3532 1641 3614 Aequa
1686 3530 1870 3595 tellus
