2588 4046
166 252 357 326 m]
966 251 1183 308 mesu
1223 250 1269 309 1.
1960 242 2085 309 203

165 415 256 480 'ru
299 413 718 479 mediastinus
760 413 954 479 tacita
994 434 1181 498 prece
1221 434 1371 478 rura
1411 413 1699 498 petebas,

162 499 349 566 Nunc
391 498 616 563 urbem
659 501 724 563 et
765 498 949 563 ludos
994 500 1058 562 et
1098 497 1328 562 balnea
1368 498 1593 563 vilicus
1637 499 1851 581 optas3
2026 506 2087 557 15

162 582 264 648 Me
310 585 603 647 constare
645 581 806 645 mihi
848 582 973 646 scis
1018 585 1084 646 et
1125 581 1447 647 discedere
1487 582 1769 665 tristem,

162 666 699 750 Quandocumque
739 664 1005 731 trahunt
1044 666 1253 730 invisa
1291 666 1554 751 negotia
1592 665 1885 730 Romam.

160 751 309 817 Non
351 749 575 815 eadem
616 749 950 835 miramur3
995 771 1069 814 eo
1115 749 1514 814 disconvenit
1549 750 1722 814 inter

161 834 263 900 Me
308 856 389 899 ue
421 836 486 899 et
511 836 606 898 te:
648 854 801 898 nam
831 854 992 918 quae
1022 833 1270 898 deserta
1298 836 1363 899 et
1390 834 1717 930 inhospita
1741 837 1839 898 tes
1883 854 1965 897 ua

162 857 384 985 Graius
395 967 415 1002 ,
460 938 729 982 amoena
769 921 957 982 vocat
997 938 1249 982 mecum
1291 918 1402 1001 qui
1444 920 1668 1001 sentit,
1713 920 1778 982 et
1820 938 1861 981 o·
1909 917 1957 981 't
2023 927 2091 977 20

163 1003 335 1080 Quae
363 1005 438 1066 tu
466 1000 734 1085 pulchra
805 1004 965 1066 utas.
1011 1001 1250 1066 Fornix
1277 1001 1398 1066 tibi
1420 1004 1487 1066 et
1505 1005 1700 1066 uncta
1772 1001 1967 1085 opina

162 1086 493 1153 Incutiunt
534 1085 712 1151 urbis
799 1084 1165 1174 esiderium,
1209 1085 1426 1169 video,
1472 1088 1536 1150 et
1577 1024 1769 1169 quodJ

162 1170 460 1256 Angulus
502 1169 626 1234 iste
667 1168 832 1235 feret
872 1170 1056 1253 piper
1098 1172 1165 1234 et
1204 1172 1310 1234 tus
1354 1170 1530 1234 ocius
1573 1191 1725 1253 uva,

163 1255 303 1321 Nec
344 1254 556 1320 vicina
598 1253 819 1318 subest
857 1253 1079 1318 vinum
1121 1254 1423 1338 praebere
1463 1254 1729 1319 taberna

163 1339 343 1415 Quae
385 1337 593 1422 possit
633 1337 784 1421 tibi,
826 1357 947 1402 nec
988 1338 1288 1402 meretrix
1330 1338 1630 1422 tibicina,
1682 1338 1858 1404 cuius
2027 1350 2093 1400 25

165 1422 272 1487 Ad
304 1425 433 1487 stre
479 1422 642 1486 itum
670 1422 860 1486 salias
887 1424 1093 1486 terrae
1120 1422 1367 1507 gravis:
1402 1424 1468 1487 et
1493 1426 1711 1488 tamen
1736 1444 1969 1509 urgues

164 1507 406 1591 Iampri
451 1527 552 1571 em
593 1527 729 1571 non
767 1509 944 1570 tacta
987 1506 1311 1603 ligonibus
1354 1528 1504 1571 arva
1577 1507 1930 1590 bovemque

165 1591 579 1657 Disiunctum
620 1611 803 1656 curas
846 1593 911 1655 et
953 1590 1191 1655 strictis
1233 1590 1569 1656 frondibus
1615 1592 1856 1675 exples3

165 1675 371 1740 Addit
412 1695 571 1758 opus
614 1674 800 1759 pigro
843 1674 1048 1758 rivus,
1101 1674 1157 1739 si
1201 1674 1436 1739 decidit
1475 1675 1709 1759 imber,

168 1759 379 1824 Multa
418 1759 587 1823 mole
631 1758 951 1823 docendus
995 1758 1210 1842 aprico
1253 1779 1513 1843 parcere
1554 1762 1758 1842 prato.
2032 1770 2098 1820 30

166 1844 361 1910 Nunc
390 1864 539 1928 age,
587 1841 737 1927 quid
764 1845 1057 1907 nostrum
1086 1846 1467 1907 concentum
1495 1842 1761 1926 dividat,
1806 1842 1969 1907 audi.

169 1929 377 2005 Quem
417 1929 641 1992 tenues
684 1926 947 1992 decuere
990 1930 1182 2012 togae
1222 1927 1539 2012 nitidique
1582 1928 1827 2011 capilli,

169 2013 377 2090 Quem
419 2012 542 2077 scis
585 2011 914 2076 inmunem
957 2009 1225 2078 Cinarae
1313 2011 1581 2078 lacuisse
1622 2013 1867 2097 rapaci,

175 2098 381 2173 Quem
422 2096 711 2161 bibulum
752 2096 980 2181 liquidi
1019 2096 1232 2161 media
1318 2118 1351 2161 e
1393 2097 1534 2162 luce
1576 2095 1862 2179 Falerni,

173 2181 351 2248 Cena
379 2179 589 2245 brevis
617 2180 793 2246 iuvat
821 2184 886 2245 et
912 2201 1112 2264 prope
1139 2180 1348 2246 rivum
1371 2201 1634 2246 somnus
1662 2180 1734 2245 in
1759 2180 1975 2245 herba.
2035 2192 2100 2243 35

174 2265 311 2331 Nec
354 2263 583 2329 lusisse
626 2264 851 2348 pudet,
895 2264 1008 2329 sed
1049 2285 1185 2329 non
1224 2264 1503 2331 incidere
1546 2265 1785 2331 ludum.

175 2349 328 2415 Non
369 2348 517 2413 istic
557 2348 691 2413 obli
733 2370 816 2413 uo
861 2348 1045 2414 oculo
1088 2369 1231 2413 mea
1270 2349 1602 2414 commoda
1646 2349 1977 2434 quisquam

177 2434 416 2516 Limat,
458 2453 594 2497 non
636 2454 675 2497 o
725 2433 781 2497 ‘e
825 2432 1094 2497 obscuro
1138 2454 1478 2517 morsuque
1519 2436 1823 2517 venenat3

175 2517 418 2583 Rident
457 2516 653 2582 vicini
692 2517 965 2601 glaebas·
999 2519 1064 2580 et
1105 2538 1257 2581 saxa
1297 2520 1659 2582 moventem

175 2601 341 2668 Oum
379 2605 597 2669 servis.
682 2603 947 2668 Vrbana
992 2604 1193 2670 diaria
1233 2607 1460 2671 rodere
1502 2607 1710 2668 mavis
1729 2654 1745 2683 ,
2040 2611 2106 2662 40

174 2684 430 2749 Horum
471 2685 543 2746 tu
583 2682 655 2746 in
694 2704 1028 2748 numerum
1070 2686 1221 2748 voto
1263 2685 1424 2769 ruis3
1469 2684 1713 2750 invidet
1751 2704 1939 2748 usum

175 2768 536 2853 Lignorum
579 2769 645 2832 et
683 2767 929 2851 pecoris
972 2767 1093 2831 tibi
1136 2768 1275 2832 calo
1319 2771 1578 2854 argutus
1623 2772 1688 2833 et
1721 2768 1917 2834 horti.

179 2852 383 2937 Optat
423 2850 725 2935 ephippia
762 2851 882 2916 bos
923 2851 1137 2936 piger,
1181 2853 1363 2935 optat
1401 2874 1579 2918 arare
1621 2853 1937 2938 caballus;

179 2936 389 3012 Quam
407 2935 531 3001 scit
556 2938 839 3020 uterque,
869 2935 1094 3020 libens,
1125 2937 1416 3022 censebo,
1446 2940 1734 3003 exerceat
1761 2940 1979 3002 artem.

1067 3227 1224 3304 XV.

184 3361 359 3434 Quae
390 3358 478 3423 sit
494 3358 748 3443 hiemps
762 3357 1003 3442 Veliae,
1026 3359 1197 3443 quod
1216 3359 1484 3442 caelum,
1502 3358 1684 3442 Vala,
1715 3358 1983 3456 Salerni,

185 3442 470 3519 Quorum
493 3442 827 3507 hominum
841 3444 1022 3529 regio
1046 3446 1111 3508 et
1132 3444 1336 3528 qualis
1357 3445 1462 3508 via
1482 3443 1661 3526 (nam
1682 3443 1842 3507 m1hi
1855 3441 2046 3506 Baias

186 3525 370 3594 Musa
413 3548 833 3612 supervacuas
877 3528 1201 3595 Antonius
1213 3577 1233 3612 ,
1278 3531 1345 3592 et
1384 3531 1603 3591 tamen
1644 3526 1773 3590 illis
