<?xml version="1.0" encoding="UTF-8"?>
<!DOCTYPE html PUBLIC "-//W3C//DTD XHTML 1.0 Transitional//EN"
    "http://www.w3.org/TR/xhtml1/DTD/xhtml1-transitional.dtd">
<html xmlns="http://www.w3.org/1999/xhtml" xml:lang="en" lang="en">
 <head>
  <title>
</title>
<meta http-equiv="Content-Type" content="text/html;charset=utf-8" />
  <meta name='ocr-system' content='tesseract 3.04.00' />
  <meta name='ocr-capabilities' content='ocr_page ocr_carea ocr_par ocr_line ocrx_word'/>
</head>
<body>
  <div class='ocr_page' id='page_1' title='image "./qvaleriicatulli03catugoog_0524.png"; bbox 0 0 2588 4046; ppageno 0'>
   <div class='ocr_carea' id='block_1_1' title="bbox 447 228 2379 302">
    <p class='ocr_par' dir='ltr' id='par_1_1' title="bbox 447 228 2379 302">
     <span class='ocr_line' id='line_1_1' title="bbox 447 228 2379 302; baseline -0.007 -9"><span class='ocrx_word' id='word_1_1' title='bbox 447 229 573 293; x_wconf 83' lang='lat'><strong>224</strong></span> <span class='ocrx_word' id='word_1_2' title='bbox 1161 228 1674 287; x_wconf 71' lang='lat' dir='ltr'><strong>Ems&#39;rvmavu</strong></span> <span class='ocrx_word' id='word_1_3' title='bbox 2289 229 2379 302; x_wconf 86' lang='lat' dir='ltr'><strong>[n.</strong></span> 
     </span>
    </p>
   </div>
   <div class='ocr_carea' id='block_1_2' title="bbox 451 392 2400 3586">
    <p class='ocr_par' dir='ltr' id='par_1_2' title="bbox 573 392 2155 477">
     <span class='ocr_line' id='line_1_2' title="bbox 573 392 2155 477; baseline -0.003 -16"><span class='ocrx_word' id='word_1_4' title='bbox 573 395 662 461; x_wconf 84' lang='lat' dir='ltr'><strong>Et</strong></span> <span class='ocrx_word' id='word_1_5' title='bbox 728 393 883 458; x_wconf 89' lang='lat' dir='ltr'><strong>laris</strong></span> <span class='ocrx_word' id='word_1_6' title='bbox 928 395 993 458; x_wconf 90' lang='lat' dir='ltr'><strong>et</strong></span> <span class='ocrx_word' id='word_1_7' title='bbox 1033 392 1217 458; x_wconf 86' lang='lat' dir='ltr'><strong>fundi</strong></span> <span class='ocrx_word' id='word_1_8' title='bbox 1258 414 1385 477; x_wconf 88' lang='lat' dir='ltr'><strong>pau</strong></span> <span class='ocrx_word' id='word_1_9' title='bbox 1433 394 1595 457; x_wconf 85' lang='lat' dir='ltr'><strong>ertas</strong></span> <span class='ocrx_word' id='word_1_10' title='bbox 1640 392 1874 476; x_wconf 92' lang='lat' dir='ltr'><strong>inpulit</strong></span> <span class='ocrx_word' id='word_1_11' title='bbox 1917 392 2155 476; x_wconf 81' lang='lat' dir='ltr'><strong>audax,</strong></span> 
     </span>
    </p>

    <p class='ocr_par' dir='ltr' id='par_1_3' title="bbox 574 475 2384 728">
     <span class='ocr_line' id='line_1_3' title="bbox 574 475 2383 560; baseline 0.001 -21"><span class='ocrx_word' id='word_1_12' title='bbox 574 478 665 543; x_wconf 91' lang='lat' dir='ltr'><strong>Vt</strong></span> <span class='ocrx_word' id='word_1_13' title='bbox 690 499 909 542; x_wconf 78' lang='lat' dir='ltr'><strong>versus</strong></span> <span class='ocrx_word' id='word_1_14' title='bbox 936 478 1227 541; x_wconf 87' lang='lat' dir='ltr'><strong>facerem.</strong></span> <span class='ocrx_word' id='word_1_15' title='bbox 1296 476 1377 542; x_wconf 90' lang='lat' dir='ltr'><strong>Se</strong></span> <span class='ocrx_word' id='word_1_16' title='bbox 1451 476 1621 560; x_wconf 89' lang='lat' dir='ltr'><strong>quod</strong></span> <span class='ocrx_word' id='word_1_17' title='bbox 1649 496 1784 540; x_wconf 93' lang='lat' dir='ltr'><strong>non</strong></span> <span class='ocrx_word' id='word_1_18' title='bbox 1827 476 1992 541; x_wconf 89' lang='lat' dir='ltr'><strong>desit</strong></span> <span class='ocrx_word' id='word_1_19' title='bbox 2032 475 2383 540; x_wconf 75' lang='lat' dir='ltr'><strong>habentem</strong></span> 
     </span>
     <span class='ocr_line' id='line_1_4' title="bbox 576 561 2340 646; baseline -0.002 -19"><span class='ocrx_word' id='word_1_20' title='bbox 576 562 750 638; x_wconf 89' lang='lat' dir='ltr'><strong>Quae</strong></span> <span class='ocrx_word' id='word_1_21' title='bbox 792 564 1096 646; x_wconf 91' lang='lat' dir='ltr'><strong>poterunt</strong></span> <span class='ocrx_word' id='word_1_22' title='bbox 1136 582 1437 644; x_wconf 89' lang='lat' dir='ltr'><strong>umquam</strong></span> <span class='ocrx_word' id='word_1_23' title='bbox 1465 561 1619 625; x_wconf 88' lang='lat' dir='ltr'><strong>satis</strong></span> <span class='ocrx_word' id='word_1_24' title='bbox 1664 581 2015 645; x_wconf 83' lang='lat' dir='ltr'><strong>expurgare</strong></span> <span class='ocrx_word' id='word_1_25' title='bbox 2061 561 2340 643; x_wconf 88' lang='lat' dir='ltr'><strong>cicutae,</strong></span> 
     </span>
     <span class='ocr_line' id='line_1_5' title="bbox 575 643 2384 728; baseline -0.001 -17"><span class='ocrx_word' id='word_1_26' title='bbox 575 646 664 712; x_wconf 91' lang='lat' dir='ltr'><strong>Ni</strong></span> <span class='ocrx_word' id='word_1_27' title='bbox 705 645 933 711; x_wconf 89' lang='lat' dir='ltr'><strong>melius</strong></span> <span class='ocrx_word' id='word_1_28' title='bbox 977 644 1251 709; x_wconf 88' lang='lat' dir='ltr'><strong>dormire</strong></span> <span class='ocrx_word' id='word_1_29' title='bbox 1293 647 1513 728; x_wconf 89' lang='lat' dir='ltr'><strong>putem</strong></span> <span class='ocrx_word' id='word_1_30' title='bbox 1558 665 1750 727; x_wconf 87' lang='lat' dir='ltr'><strong>quam</strong></span> <span class='ocrx_word' id='word_1_31' title='bbox 1795 643 2069 710; x_wconf 88' lang='lat' dir='ltr'><strong>scribere</strong></span> <span class='ocrx_word' id='word_1_32' title='bbox 2113 644 2384 709; x_wconf 80' lang='lat' dir='ltr'><strong>versus?</strong></span> 
     </span>
    </p>

    <p class='ocr_par' dir='ltr' id='par_1_4' title="bbox 451 728 2114 816">
     <span class='ocr_line' id='line_1_6' title="bbox 451 728 2114 816; baseline -0.002 -21"><span class='ocrx_word' id='word_1_33' title='bbox 451 742 516 795; x_wconf 69' lang='lat'><strong>5⁶</strong></span> <span class='ocrx_word' id='word_1_34' title='bbox 576 730 843 816; x_wconf 82' lang='lat' dir='ltr'><strong>Singula</strong></span> <span class='ocrx_word' id='word_1_35' title='bbox 885 730 962 794; x_wconf 89' lang='lat' dir='ltr'><strong>de</strong></span> <span class='ocrx_word' id='word_1_36' title='bbox 1004 728 1191 793; x_wconf 89' lang='lat' dir='ltr'><strong>nobis</strong></span> <span class='ocrx_word' id='word_1_37' title='bbox 1237 728 1392 792; x_wconf 82' lang='lat' dir='ltr'><strong>anm‘</strong></span> <span class='ocrx_word' id='word_1_38' title='bbox 1431 728 1815 812; x_wconf 71' lang='lat' dir='ltr'><strong>praedantur</strong></span> <span class='ocrx_word' id='word_1_39' title='bbox 1857 731 2114 793; x_wconf 85' lang='lat' dir='ltr'><strong>euntes:</strong></span> 
     </span>
    </p>

    <p class='ocr_par' dir='ltr' id='par_1_5' title="bbox 576 812 2344 1150">
     <span class='ocr_line' id='line_1_7' title="bbox 576 812 2165 899; baseline -0.003 -20"><span class='ocrx_word' id='word_1_40' title='bbox 576 814 884 899; x_wconf 85' lang='lat' dir='ltr'><strong>Eripuere</strong></span> <span class='ocrx_word' id='word_1_41' title='bbox 927 813 1136 896; x_wconf 89' lang='lat' dir='ltr'><strong>iocos,</strong></span> <span class='ocrx_word' id='word_1_42' title='bbox 1179 833 1506 895; x_wconf 83' lang='lat' dir='ltr'><strong>venerem,</strong></span> <span class='ocrx_word' id='word_1_43' title='bbox 1552 812 1870 894; x_wconf 84' lang='lat' dir='ltr'><strong>convivia,</strong></span> <span class='ocrx_word' id='word_1_44' title='bbox 1914 812 2165 896; x_wconf 83' lang='lat' dir='ltr'><strong>ludum3</strong></span> 
     </span>
     <span class='ocr_line' id='line_1_8' title="bbox 577 895 2327 980; baseline -0.002 -17"><span class='ocrx_word' id='word_1_45' title='bbox 577 899 876 963; x_wconf 75' lang='lat' dir='ltr'><strong>Tendunt</strong></span> <span class='ocrx_word' id='word_1_46' title='bbox 920 900 1289 979; x_wconf 85' lang='lat' dir='ltr'><strong>extorquere</strong></span> <span class='ocrx_word' id='word_1_47' title='bbox 1332 898 1660 980; x_wconf 84' lang='lat' dir='ltr'><strong>poemata:</strong></span> <span class='ocrx_word' id='word_1_48' title='bbox 1706 896 1856 979; x_wconf 93' lang='lat' dir='ltr'><strong>quid</strong></span> <span class='ocrx_word' id='word_1_49' title='bbox 1900 896 2136 960; x_wconf 89' lang='lat' dir='ltr'><strong>faciam</strong></span> <span class='ocrx_word' id='word_1_50' title='bbox 2182 895 2327 960; x_wconf 81' lang='lat' dir='ltr'><strong>vis‘?</strong></span> 
     </span>
     <span class='ocr_line' id='line_1_9' title="bbox 576 980 2344 1078; baseline -0.001 -31"><span class='ocrx_word' id='word_1_51' title='bbox 576 982 869 1078; x_wconf 87' lang='lat' dir='ltr'><strong>Denique</strong></span> <span class='ocrx_word' id='word_1_52' title='bbox 911 1001 1045 1045; x_wconf 93' lang='lat' dir='ltr'><strong>non</strong></span> <span class='ocrx_word' id='word_1_53' title='bbox 1085 1000 1307 1044; x_wconf 89' lang='lat' dir='ltr'><strong>omnes</strong></span> <span class='ocrx_word' id='word_1_54' title='bbox 1349 980 1568 1045; x_wconf 84' lang='lat' dir='ltr'><strong>eadem</strong></span> <span class='ocrx_word' id='word_1_55' title='bbox 1610 980 1922 1044; x_wconf 88' lang='lat' dir='ltr'><strong>mirantur</strong></span> <span class='ocrx_word' id='word_1_56' title='bbox 1964 982 2344 1064; x_wconf 80' lang='lat' dir='ltr'><strong>amantque:</strong></span> 
     </span>
     <span class='ocr_line' id='line_1_10' title="bbox 581 1063 2157 1150; baseline -0.002 -19"><span class='ocrx_word' id='word_1_57' title='bbox 581 1066 880 1132; x_wconf 75' lang='lat' dir='ltr'><strong>Carmine</strong></span> <span class='ocrx_word' id='word_1_58' title='bbox 921 1068 995 1129; x_wconf 89' lang='lat' dir='ltr'><strong>tu</strong></span> <span class='ocrx_word' id='word_1_59' title='bbox 1036 1064 1307 1150; x_wconf 78' lang='lat' dir='ltr'><strong>gaudeS‚</strong></span> <span class='ocrx_word' id='word_1_60' title='bbox 1352 1063 1458 1128; x_wconf 89' lang='lat' dir='ltr'><strong>hic</strong></span> <span class='ocrx_word' id='word_1_61' title='bbox 1503 1064 1852 1129; x_wconf 71' lang='lat' dir='ltr'><strong>delectatur</strong></span> <span class='ocrx_word' id='word_1_62' title='bbox 1894 1063 2157 1147; x_wconf 87' lang='lat' dir='ltr'><strong>iambis,</strong></span> 
     </span>
    </p>

    <p class='ocr_par' dir='ltr' id='par_1_6' title="bbox 454 1147 1974 1233">
     <span class='ocr_line' id='line_1_11' title="bbox 454 1147 1974 1233; baseline -0.002 -18"><span class='ocrx_word' id='word_1_63' title='bbox 454 1163 523 1214; x_wconf 76' lang='lat'><strong>60</strong></span> <span class='ocrx_word' id='word_1_64' title='bbox 578 1150 697 1215; x_wconf 89' lang='lat' dir='ltr'><strong>Ille</strong></span> <span class='ocrx_word' id='word_1_65' title='bbox 738 1149 998 1213; x_wconf 86' lang='lat' dir='ltr'><strong>Bioneis</strong></span> <span class='ocrx_word' id='word_1_66' title='bbox 1044 1147 1441 1213; x_wconf 82' lang='lat' dir='ltr'><strong>sermonibus</strong></span> <span class='ocrx_word' id='word_1_67' title='bbox 1488 1151 1552 1213; x_wconf 83' lang='lat' dir='ltr'><strong>et</strong></span> <span class='ocrx_word' id='word_1_68' title='bbox 1595 1149 1726 1212; x_wconf 89' lang='lat' dir='ltr'><strong>sale</strong></span> <span class='ocrx_word' id='word_1_69' title='bbox 1766 1149 1974 1233; x_wconf 79' lang='lat' dir='ltr'><strong>nigro,</strong></span> 
     </span>
    </p>

    <p class='ocr_par' dir='ltr' id='par_1_7' title="bbox 579 1231 2277 1316">
     <span class='ocr_line' id='line_1_12' title="bbox 579 1231 2277 1316; baseline -0.001 -18"><span class='ocrx_word' id='word_1_70' title='bbox 579 1234 735 1298; x_wconf 84' lang='lat' dir='ltr'><strong>Tres</strong></span> <span class='ocrx_word' id='word_1_71' title='bbox 777 1232 937 1297; x_wconf 86' lang='lat' dir='ltr'><strong>mihi</strong></span> <span class='ocrx_word' id='word_1_72' title='bbox 980 1232 1284 1298; x_wconf 80' lang='lat' dir='ltr'><strong>convivae</strong></span> <span class='ocrx_word' id='word_1_73' title='bbox 1327 1253 1526 1316; x_wconf 89' lang='lat' dir='ltr'><strong>prope</strong></span> <span class='ocrx_word' id='word_1_74' title='bbox 1571 1231 1905 1297; x_wconf 87' lang='lat' dir='ltr'><strong>dissentire</strong></span> <span class='ocrx_word' id='word_1_75' title='bbox 1947 1231 2277 1315; x_wconf 83' lang='lat' dir='ltr'><strong>videntur,</strong></span> 
     </span>
    </p>

    <p class='ocr_par' dir='ltr' id='par_1_8' title="bbox 579 1316 2031 1400">
     <span class='ocr_line' id='line_1_13' title="bbox 579 1316 2031 1400; baseline -0.002 -17"><span class='ocrx_word' id='word_1_76' title='bbox 579 1318 924 1383; x_wconf 90' lang='lat' dir='ltr'><strong>Poscentes</strong></span> <span class='ocrx_word' id='word_1_77' title='bbox 968 1317 1144 1381; x_wconf 85' lang='lat' dir='ltr'><strong>vario</strong></span> <span class='ocrx_word' id='word_1_78' title='bbox 1187 1316 1463 1381; x_wconf 91' lang='lat' dir='ltr'><strong>multum</strong></span> <span class='ocrx_word' id='word_1_79' title='bbox 1509 1316 1758 1381; x_wconf 85' lang='lat' dir='ltr'><strong>diversa</strong></span> <span class='ocrx_word' id='word_1_80' title='bbox 1797 1317 2031 1400; x_wconf 79' lang='lat' dir='ltr'><strong>palato,</strong></span> 
     </span>
    </p>

    <p class='ocr_par' dir='ltr' id='par_1_9' title="bbox 583 1399 2392 1549">
     <span class='ocr_line' id='line_1_14' title="bbox 583 1399 2392 1549; baseline -0.001 -82"><span class='ocrx_word' id='word_1_81' title='bbox 583 1401 750 1477; x_wconf 88' lang='lat' dir='ltr'><strong>Quid</strong></span> <span class='ocrx_word' id='word_1_82' title='bbox 794 1400 981 1465; x_wconf 81' lang='lat' dir='ltr'><strong>dem?</strong></span> <span class='ocrx_word' id='word_1_83' title='bbox 1029 1399 1180 1483; x_wconf 91' lang='lat' dir='ltr'><strong>quid</strong></span> <span class='ocrx_word' id='word_1_84' title='bbox 1207 1421 1342 1464; x_wconf 91' lang='lat' dir='ltr'><strong>non</strong></span> <span class='ocrx_word' id='word_1_85' title='bbox 1372 1400 1561 1465; x_wconf 80' lang='lat' dir='ltr'><strong>dem?</strong></span> <span class='ocrx_word' id='word_1_86' title='bbox 1605 1400 1819 1549; x_wconf 53' lang='lat' dir='ltr'><strong>renffis</strong></span> <span class='ocrx_word' id='word_1_87' title='bbox 1862 1403 1963 1484; x_wconf 84' lang='lat' dir='ltr'><strong>tu,</strong></span> <span class='ocrx_word' id='word_1_88' title='bbox 2009 1399 2179 1483; x_wconf 89' lang='lat' dir='ltr'><strong>quod</strong></span> <span class='ocrx_word' id='word_1_89' title='bbox 2208 1400 2392 1465; x_wconf 90' lang='lat' dir='ltr'><strong>iubet</strong></span> 
     </span>
     <span class='ocr_line' id='line_1_15' title="bbox 1668 1505 1859 1548; baseline 0 0"><span class='ocrx_word' id='word_1_90' title='bbox 1668 1505 1708 1548; x_wconf 88' lang='lat' dir='ltr'><strong>a</strong></span> <span class='ocrx_word' id='word_1_91' title='bbox 1799 1506 1859 1548; x_wconf 91' lang='lat' dir='ltr'><strong>r·</strong></span> 
     </span>
    </p>

    <p class='ocr_par' dir='ltr' id='par_1_10' title="bbox 587 1533 2384 1653">
     <span class='ocr_line' id='line_1_16' title="bbox 587 1533 2384 1653; baseline 0.001 -20"><span class='ocrx_word' id='word_1_92' title='bbox 587 1569 770 1645; x_wconf 84' lang='lat' dir='ltr'><strong>Quod</strong></span> <span class='ocrx_word' id='word_1_93' title='bbox 797 1569 984 1653; x_wconf 86' lang='lat' dir='ltr'><strong>petis,</strong></span> <span class='ocrx_word' id='word_1_94' title='bbox 1026 1568 1093 1633; x_wconf 89' lang='lat' dir='ltr'><strong>id</strong></span> <span class='ocrx_word' id='word_1_95' title='bbox 1136 1571 1352 1634; x_wconf 90' lang='lat' dir='ltr'><strong>sanest</strong></span> <span class='ocrx_word' id='word_1_96' title='bbox 1387 1568 1665 1633; x_wconf 85' lang='lat' dir='ltr'><strong>invisum</strong></span> <span class='ocrx_word' id='word_1_97' title='bbox 1698 1533 2071 1652; x_wconf 64' lang='lat' dir='ltr'><strong>acidumque</strong></span> <span class='ocrx_word' id='word_1_98' title='bbox 2109 1568 2384 1634; x_wconf 89' lang='lat' dir='ltr'><strong>duobus.</strong></span> 
     </span>
    </p>

    <p class='ocr_par' dir='ltr' id='par_1_11' title="bbox 457 1652 2392 2072">
     <span class='ocr_line' id='line_1_17' title="bbox 457 1652 2209 1736; baseline -0.001 -18"><span class='ocrx_word' id='word_1_99' title='bbox 457 1666 523 1718; x_wconf 75' lang='lat'><strong>65</strong></span> <span class='ocrx_word' id='word_1_100' title='bbox 580 1653 842 1719; x_wconf 84' lang='lat' dir='ltr'><strong>Praeter</strong></span> <span class='ocrx_word' id='word_1_101' title='bbox 886 1656 1095 1718; x_wconf 88' lang='lat' dir='ltr'><strong>cetera</strong></span> <span class='ocrx_word' id='word_1_102' title='bbox 1135 1673 1238 1717; x_wconf 91' lang='lat' dir='ltr'><strong>me</strong></span> <span class='ocrx_word' id='word_1_103' title='bbox 1279 1652 1606 1717; x_wconf 87' lang='lat' dir='ltr'><strong>Romaene</strong></span> <span class='ocrx_word' id='word_1_104' title='bbox 1647 1654 1943 1736; x_wconf 90' lang='lat' dir='ltr'><strong>poemata</strong></span> <span class='ocrx_word' id='word_1_105' title='bbox 1986 1673 2209 1717; x_wconf 83' lang='lat' dir='ltr'><strong>censes</strong></span> 
     </span>
     <span class='ocr_line' id='line_1_18' title="bbox 585 1735 2284 1821; baseline -0.001 -19"><span class='ocrx_word' id='word_1_106' title='bbox 585 1737 871 1802; x_wconf 84' lang='lat' dir='ltr'><strong>Scribere</strong></span> <span class='ocrx_word' id='word_1_107' title='bbox 913 1757 1101 1820; x_wconf 87' lang='lat' dir='ltr'><strong>posse</strong></span> <span class='ocrx_word' id='word_1_108' title='bbox 1143 1737 1313 1801; x_wconf 89' lang='lat' dir='ltr'><strong>inter</strong></span> <span class='ocrx_word' id='word_1_109' title='bbox 1354 1739 1456 1801; x_wconf 91' lang='lat' dir='ltr'><strong>tot</strong></span> <span class='ocrx_word' id='word_1_110' title='bbox 1497 1758 1678 1802; x_wconf 90' lang='lat' dir='ltr'><strong>curas</strong></span> <span class='ocrx_word' id='word_1_111' title='bbox 1720 1739 1941 1821; x_wconf 84' lang='lat' dir='ltr'><strong>totque</strong></span> <span class='ocrx_word' id='word_1_112' title='bbox 1982 1735 2284 1800; x_wconf 80' lang='lat' dir='ltr'><strong>labores?</strong></span> 
     </span>
     <span class='ocr_line' id='line_1_19' title="bbox 582 1820 2392 1903; baseline 0 -18"><span class='ocrx_word' id='word_1_113' title='bbox 582 1821 709 1885; x_wconf 82' lang='lat' dir='ltr'><strong>Hic</strong></span> <span class='ocrx_word' id='word_1_114' title='bbox 751 1843 781 1885; x_wconf 94' lang='lat' dir='ltr'><strong>s</strong></span> <span class='ocrx_word' id='word_1_115' title='bbox 829 1841 1057 1886; x_wconf 90' lang='lat' dir='ltr'><strong>onsum</strong></span> <span class='ocrx_word' id='word_1_116' title='bbox 1097 1823 1311 1903; x_wconf 84' lang='lat' dir='ltr'><strong>vocat,</strong></span> <span class='ocrx_word' id='word_1_117' title='bbox 1366 1820 1472 1885; x_wconf 90' lang='lat' dir='ltr'><strong>hic</strong></span> <span class='ocrx_word' id='word_1_118' title='bbox 1527 1820 1810 1885; x_wconf 89' lang='lat' dir='ltr'><strong>auditum</strong></span> <span class='ocrx_word' id='word_1_119' title='bbox 1865 1820 2102 1903; x_wconf 87' lang='lat' dir='ltr'><strong>scripta</strong></span> <span class='ocrx_word' id='word_1_120' title='bbox 2143 1820 2392 1885; x_wconf 84' lang='lat' dir='ltr'><strong>relictis</strong></span> 
     </span>
     <span class='ocr_line' id='line_1_20' title="bbox 586 1903 2229 1989; baseline -0.001 -19"><span class='ocrx_word' id='word_1_121' title='bbox 586 1905 778 1970; x_wconf 87' lang='lat' dir='ltr'><strong>Omni</strong></span> <span class='ocrx_word' id='word_1_122' title='bbox 821 1926 897 1969; x_wconf 90' lang='lat' dir='ltr'><strong>us</strong></span> <span class='ocrx_word' id='word_1_123' title='bbox 942 1904 1199 1989; x_wconf 89' lang='lat' dir='ltr'><strong>officiis;</strong></span> <span class='ocrx_word' id='word_1_124' title='bbox 1246 1904 1440 1969; x_wconf 87' lang='lat' dir='ltr'><strong>cubat</strong></span> <span class='ocrx_word' id='word_1_125' title='bbox 1480 1903 1587 1968; x_wconf 88' lang='lat' dir='ltr'><strong>hic</strong></span> <span class='ocrx_word' id='word_1_126' title='bbox 1630 1904 1700 1967; x_wconf 90' lang='lat' dir='ltr'><strong>in</strong></span> <span class='ocrx_word' id='word_1_127' title='bbox 1743 1904 1905 1969; x_wconf 92' lang='lat' dir='ltr'><strong>colle</strong></span> <span class='ocrx_word' id='word_1_128' title='bbox 1949 1903 2229 1987; x_wconf 87' lang='lat' dir='ltr'><strong>Quirini,</strong></span> 
     </span>
     <span class='ocr_line' id='line_1_21' title="bbox 583 1987 2224 2072; baseline -0.001 -17"><span class='ocrx_word' id='word_1_129' title='bbox 583 1988 709 2055; x_wconf 91' lang='lat' dir='ltr'><strong>Hic</strong></span> <span class='ocrx_word' id='word_1_130' title='bbox 753 1991 1032 2054; x_wconf 85' lang='lat' dir='ltr'><strong>extremo</strong></span> <span class='ocrx_word' id='word_1_131' title='bbox 1077 1988 1147 2053; x_wconf 89' lang='lat' dir='ltr'><strong>in</strong></span> <span class='ocrx_word' id='word_1_132' title='bbox 1187 1987 1512 2054; x_wconf 83' lang='lat' dir='ltr'><strong>Aventino</strong></span> <span class='ocrx_word' id='word_1_133' title='bbox 1525 2036 1543 2069; x_wconf 88' lang='lat'><strong>,</strong></span> <span class='ocrx_word' id='word_1_134' title='bbox 1587 1988 1885 2054; x_wconf 85' lang='lat' dir='ltr'><strong>visendus</strong></span> <span class='ocrx_word' id='word_1_135' title='bbox 1927 1990 2224 2072; x_wconf 83' lang='lat' dir='ltr'><strong>uterque:</strong></span> 
     </span>
    </p>

    <p class='ocr_par' dir='ltr' id='par_1_12' title="bbox 459 2072 2395 2409">
     <span class='ocr_line' id='line_1_22' title="bbox 459 2072 2218 2139; baseline -0.001 -1"><span class='ocrx_word' id='word_1_136' title='bbox 459 2086 526 2138; x_wconf 82' lang='grc'><strong>’10</strong></span> <span class='ocrx_word' id='word_1_137' title='bbox 580 2073 926 2139; x_wconf 83' lang='lat' dir='ltr'><strong>Intervalla</strong></span> <span class='ocrx_word' id='word_1_138' title='bbox 968 2073 1143 2138; x_wconf 82' lang='lat' dir='ltr'><strong>vides</strong></span> <span class='ocrx_word' id='word_1_139' title='bbox 1173 2074 1485 2137; x_wconf 64' lang='lat' dir='ltr'><strong>*humane</strong></span> <span class='ocrx_word' id='word_1_140' title='bbox 1531 2072 1874 2136; x_wconf 89' lang='lat' dir='ltr'><strong>commoda.</strong></span> <span class='ocrx_word' id='word_1_141' title='bbox 1951 2073 2218 2138; x_wconf 79' lang='lat' dir='ltr'><strong>‘Verum</strong></span> 
     </span>
     <span class='ocr_line' id='line_1_23' title="bbox 584 2156 2392 2254; baseline 0.001 -31"><span class='ocrx_word' id='word_1_142' title='bbox 584 2159 789 2223; x_wconf 87' lang='lat' dir='ltr'><strong>Purae</strong></span> <span class='ocrx_word' id='word_1_143' title='bbox 834 2159 983 2221; x_wconf 89' lang='lat' dir='ltr'><strong>sunt</strong></span> <span class='ocrx_word' id='word_1_144' title='bbox 1022 2158 1305 2254; x_wconf 85' lang='lat' dir='ltr'><strong>plateae,</strong></span> <span class='ocrx_word' id='word_1_145' title='bbox 1349 2156 1514 2221; x_wconf 88' lang='lat' dir='ltr'><strong>nihil</strong></span> <span class='ocrx_word' id='word_1_146' title='bbox 1541 2159 1614 2221; x_wconf 89' lang='lat' dir='ltr'><strong>ut</strong></span> <span class='ocrx_word' id='word_1_147' title='bbox 1638 2156 2095 2221; x_wconf 88' lang='lat' dir='ltr'><strong>meditantibus</strong></span> <span class='ocrx_word' id='word_1_148' title='bbox 2126 2158 2392 2224; x_wconf 66' lang='lat' dir='ltr'><strong>obstet!</strong></span> 
     </span>
     <span class='ocr_line' id='line_1_24' title="bbox 584 2240 2230 2326; baseline -0.002 -19"><span class='ocrx_word' id='word_1_149' title='bbox 584 2242 873 2307; x_wconf 84' lang='lat' dir='ltr'><strong>Festinat</strong></span> <span class='ocrx_word' id='word_1_150' title='bbox 916 2241 1156 2306; x_wconf 88' lang='lat' dir='ltr'><strong>cahdus</strong></span> <span class='ocrx_word' id='word_1_151' title='bbox 1200 2240 1390 2304; x_wconf 92' lang='lat' dir='ltr'><strong>mulis</strong></span> <span class='ocrx_word' id='word_1_152' title='bbox 1434 2241 1793 2326; x_wconf 85' lang='lat' dir='ltr'><strong>gerulisque</strong></span> <span class='ocrx_word' id='word_1_153' title='bbox 1835 2241 2230 2325; x_wconf 88' lang='lat' dir='ltr'><strong>redemptor,</strong></span> 
     </span>
     <span class='ocr_line' id='line_1_25' title="bbox 584 2324 2395 2409; baseline 0.001 -20"><span class='ocrx_word' id='word_1_154' title='bbox 584 2325 865 2408; x_wconf 86' lang='lat' dir='ltr'><strong>Torquet</strong></span> <span class='ocrx_word' id='word_1_155' title='bbox 930 2345 1102 2390; x_wconf 90' lang='lat' dir='ltr'><strong>nunc</strong></span> <span class='ocrx_word' id='word_1_156' title='bbox 1177 2324 1487 2408; x_wconf 85' lang='lat' dir='ltr'><strong>lapidem,</strong></span> <span class='ocrx_word' id='word_1_157' title='bbox 1549 2345 1724 2389; x_wconf 89' lang='lat' dir='ltr'><strong>nunc</strong></span> <span class='ocrx_word' id='word_1_158' title='bbox 1786 2324 2016 2409; x_wconf 86' lang='lat' dir='ltr'><strong>ingens</strong></span> <span class='ocrx_word' id='word_1_159' title='bbox 2090 2326 2395 2391; x_wconf 85' lang='lat' dir='ltr'><strong>machina</strong></span> 
     </span>
    </p>

    <p class='ocr_par' dir='ltr' id='par_1_13' title="bbox 586 2409 2154 2577">
     <span class='ocr_line' id='line_1_26' title="bbox 1673 2409 1927 2473; baseline 0.008 -2"><span class='ocrx_word' id='word_1_160' title='bbox 1673 2409 1726 2472; x_wconf 89' lang='lat' dir='ltr'><strong>ti</strong></span> <span class='ocrx_word' id='word_1_161' title='bbox 1817 2430 1927 2473; x_wconf 90' lang='lat' dir='ltr'><strong>um</strong></span> 
     </span>
     <span class='ocr_line' id='line_1_27' title="bbox 586 2429 2154 2577; baseline 0 -19"><span class='ocrx_word' id='word_1_162' title='bbox 586 2493 825 2558; x_wconf 83' lang='lat' dir='ltr'><strong>Tristia</strong></span> <span class='ocrx_word' id='word_1_163' title='bbox 867 2493 1148 2558; x_wconf 84' lang='lat' dir='ltr'><strong>robustis</strong></span> <span class='ocrx_word' id='word_1_164' title='bbox 1192 2492 1516 2557; x_wconf 87' lang='lat' dir='ltr'><strong>luctantur</strong></span> <span class='ocrx_word' id='word_1_165' title='bbox 1556 2429 2154 2577; x_wconf 49' lang='lat' dir='ltr'><strong>funerffinplafistriffi</strong></span> 
     </span>
    </p>

    <p class='ocr_par' dir='ltr' id='par_1_14' title="bbox 462 2576 2400 2893">
     <span class='ocr_line' id='line_1_28' title="bbox 462 2576 2395 2661; baseline 0.003 -21"><span class='ocrx_word' id='word_1_166' title='bbox 462 2588 525 2640; x_wconf 79' lang='lat'><strong>‘15</strong></span> <span class='ocrx_word' id='word_1_167' title='bbox 581 2578 724 2643; x_wconf 86' lang='lat' dir='ltr'><strong>Hac</strong></span> <span class='ocrx_word' id='word_1_168' title='bbox 765 2577 1021 2642; x_wconf 90' lang='lat' dir='ltr'><strong>rabiosa</strong></span> <span class='ocrx_word' id='word_1_169' title='bbox 1069 2576 1238 2661; x_wconf 80' lang='lat' dir='ltr'><strong>fugit</strong></span> <span class='ocrx_word' id='word_1_170' title='bbox 1283 2576 1491 2659; x_wconf 88' lang='lat' dir='ltr'><strong>canis,</strong></span> <span class='ocrx_word' id='word_1_171' title='bbox 1547 2576 1670 2641; x_wconf 91' lang='lat' dir='ltr'><strong>hac</strong></span> <span class='ocrx_word' id='word_1_172' title='bbox 1712 2577 2025 2641; x_wconf 88' lang='lat' dir='ltr'><strong>lutulenta</strong></span> <span class='ocrx_word' id='word_1_173' title='bbox 2075 2578 2208 2642; x_wconf 90' lang='lat' dir='ltr'><strong>ruit</strong></span> <span class='ocrx_word' id='word_1_174' title='bbox 2251 2599 2395 2645; x_wconf 72' lang='lat' dir='ltr'><strong>sust</strong></span> 
     </span>
     <span class='ocr_line' id='line_1_29' title="bbox 587 2660 2137 2726; baseline -0.001 0"><span class='ocrx_word' id='word_1_175' title='bbox 587 2661 622 2726; x_wconf 94' lang='grc' dir='ltr'><strong>Ι</strong></span> <span class='ocrx_word' id='word_1_176' title='bbox 663 2682 835 2726; x_wconf 92' lang='lat' dir='ltr'><strong>nunc</strong></span> <span class='ocrx_word' id='word_1_177' title='bbox 880 2663 944 2725; x_wconf 90' lang='lat' dir='ltr'><strong>et</strong></span> <span class='ocrx_word' id='word_1_178' title='bbox 985 2682 1203 2726; x_wconf 86' lang='lat' dir='ltr'><strong>versus</strong></span> <span class='ocrx_word' id='word_1_179' title='bbox 1245 2663 1458 2726; x_wconf 89' lang='lat' dir='ltr'><strong>tecum</strong></span> <span class='ocrx_word' id='word_1_180' title='bbox 1501 2660 1805 2725; x_wconf 86' lang='lat' dir='ltr'><strong>meditare</strong></span> <span class='ocrx_word' id='word_1_181' title='bbox 1850 2681 2137 2725; x_wconf 79' lang='lat' dir='ltr'><strong>canoros,</strong></span> 
     </span>
     <span class='ocr_line' id='line_1_30' title="bbox 589 2744 2400 2893; baseline 0.001 -83"><span class='ocrx_word' id='word_1_182' title='bbox 589 2744 982 2830; x_wconf 85' lang='lat' dir='ltr'><strong>Scriptorum</strong></span> <span class='ocrx_word' id='word_1_183' title='bbox 1038 2744 1266 2810; x_wconf 90' lang='lat' dir='ltr'><strong>chorus</strong></span> <span class='ocrx_word' id='word_1_184' title='bbox 1323 2744 1530 2808; x_wconf 83' lang='lat' dir='ltr'><strong>omnis</strong></span> <span class='ocrx_word' id='word_1_185' title='bbox 1599 2747 1795 2893; x_wconf 54' lang='lat' dir='ltr'><strong>amal&gt;</strong></span> <span class='ocrx_word' id='word_1_186' title='bbox 1821 2766 2047 2810; x_wconf 87' lang='lat' dir='ltr'><strong>nemus</strong></span> <span class='ocrx_word' id='word_1_187' title='bbox 2091 2747 2158 2809; x_wconf 92' lang='lat' dir='ltr'><strong>et</strong></span> <span class='ocrx_word' id='word_1_188' title='bbox 2224 2746 2400 2832; x_wconf 83' lang='lat' dir='ltr'><strong>fugit</strong></span> 
     </span>
    </p>

    <p class='ocr_par' dir='ltr' id='par_1_15' title="bbox 587 2849 2325 3081">
     <span class='ocr_line' id='line_1_31' title="bbox 1676 2849 1864 2893; baseline 0 -1"><span class='ocrx_word' id='word_1_189' title='bbox 1676 2850 1752 2892; x_wconf 89' lang='lat' dir='ltr'><strong>ur</strong></span> <span class='ocrx_word' id='word_1_190' title='bbox 1797 2849 1864 2893; x_wconf 89' lang='lat' dir='ltr'><strong>es</strong></span> 
     </span>
     <span class='ocr_line' id='line_1_32' title="bbox 587 2877 2324 2997; baseline 0 -19"><span class='ocrx_word' id='word_1_191' title='bbox 587 2913 736 2979; x_wconf 86' lang='lat' dir='ltr'><strong>Rite</strong></span> <span class='ocrx_word' id='word_1_192' title='bbox 782 2913 979 2978; x_wconf 89' lang='lat' dir='ltr'><strong>cliens</strong></span> <span class='ocrx_word' id='word_1_193' title='bbox 1022 2911 1262 2977; x_wconf 89' lang='lat' dir='ltr'><strong>Bacchi</strong></span> <span class='ocrx_word' id='word_1_194' title='bbox 1307 2932 1530 2977; x_wconf 91' lang='lat' dir='ltr'><strong>somno</strong></span> <span class='ocrx_word' id='word_1_195' title='bbox 1574 2877 1910 2997; x_wconf 61' lang='lat' dir='ltr'><strong>gaudentis</strong></span> <span class='ocrx_word' id='word_1_196' title='bbox 1957 2915 2020 2978; x_wconf 92' lang='lat' dir='ltr'><strong>et</strong></span> <span class='ocrx_word' id='word_1_197' title='bbox 2061 2912 2324 2979; x_wconf 81' lang='lat' dir='ltr'><strong>umbra:</strong></span> 
     </span>
     <span class='ocr_line' id='line_1_33' title="bbox 588 2996 2325 3081; baseline 0 -19"><span class='ocrx_word' id='word_1_198' title='bbox 588 2998 687 3062; x_wconf 82' lang='lat' dir='ltr'><strong>Tu</strong></span> <span class='ocrx_word' id='word_1_199' title='bbox 727 3018 831 3060; x_wconf 91' lang='lat' dir='ltr'><strong>me</strong></span> <span class='ocrx_word' id='word_1_200' title='bbox 874 2997 1044 3061; x_wconf 90' lang='lat' dir='ltr'><strong>inter</strong></span> <span class='ocrx_word' id='word_1_201' title='bbox 1086 2997 1386 3080; x_wconf 87' lang='lat' dir='ltr'><strong>strepitus</strong></span> <span class='ocrx_word' id='word_1_202' title='bbox 1429 2999 1778 3061; x_wconf 87' lang='lat' dir='ltr'><strong>nocturnos</strong></span> <span class='ocrx_word' id='word_1_203' title='bbox 1823 2999 2012 3081; x_wconf 89' lang='lat' dir='ltr'><strong>atque</strong></span> <span class='ocrx_word' id='word_1_204' title='bbox 2057 2996 2325 3062; x_wconf 86' lang='lat' dir='ltr'><strong>diurnos</strong></span> 
     </span>
    </p>

    <p class='ocr_par' dir='ltr' id='par_1_16' title="bbox 462 3081 2396 3500">
     <span class='ocr_line' id='line_1_34' title="bbox 462 3081 2292 3166; baseline -0.001 -19"><span class='ocrx_word' id='word_1_205' title='bbox 462 3094 529 3147; x_wconf 80' lang='lat'><strong>80</strong></span> <span class='ocrx_word' id='word_1_206' title='bbox 584 3081 702 3146; x_wconf 88' lang='lat' dir='ltr'><strong>Vis</strong></span> <span class='ocrx_word' id='word_1_207' title='bbox 747 3101 971 3146; x_wconf 88' lang='lat' dir='ltr'><strong>canere</strong></span> <span class='ocrx_word' id='word_1_208' title='bbox 1016 3083 1080 3144; x_wconf 90' lang='lat' dir='ltr'><strong>et</strong></span> <span class='ocrx_word' id='word_1_209' title='bbox 1122 3082 1447 3145; x_wconf 86' lang='lat' dir='ltr'><strong>contracta</strong></span> <span class='ocrx_word' id='word_1_210' title='bbox 1489 3082 1668 3164; x_wconf 89' lang='lat' dir='ltr'><strong>sequi</strong></span> <span class='ocrx_word' id='word_1_211' title='bbox 1710 3081 1982 3166; x_wconf 85' lang='lat' dir='ltr'><strong>vestigia</strong></span> <span class='ocrx_word' id='word_1_212' title='bbox 2022 3081 2292 3146; x_wconf 76' lang='lat' dir='ltr'><strong>vatum?</strong></span> 
     </span>
     <span class='ocr_line' id='line_1_35' title="bbox 588 3163 2299 3250; baseline 0.001 -21"><span class='ocrx_word' id='word_1_213' title='bbox 588 3165 959 3250; x_wconf 86' lang='lat' dir='ltr'><strong>Ingenium,</strong></span> <span class='ocrx_word' id='word_1_214' title='bbox 1005 3164 1126 3229; x_wconf 90' lang='lat' dir='ltr'><strong>sibi</strong></span> <span class='ocrx_word' id='word_1_215' title='bbox 1171 3165 1341 3247; x_wconf 88' lang='lat' dir='ltr'><strong>quod</strong></span> <span class='ocrx_word' id='word_1_216' title='bbox 1382 3185 1610 3228; x_wconf 81' lang='lat' dir='ltr'><strong>vacuas</strong></span> <span class='ocrx_word' id='word_1_217' title='bbox 1655 3163 1964 3229; x_wconf 89' lang='lat' dir='ltr'><strong>desumsit</strong></span> <span class='ocrx_word' id='word_1_218' title='bbox 2005 3164 2299 3231; x_wconf 86' lang='lat' dir='ltr'><strong>Athenas</strong></span> 
     </span>
     <span class='ocr_line' id='line_1_36' title="bbox 589 3248 2145 3333; baseline -0.001 -18"><span class='ocrx_word' id='word_1_219' title='bbox 589 3249 678 3315; x_wconf 84' lang='lat' dir='ltr'><strong>Et</strong></span> <span class='ocrx_word' id='word_1_220' title='bbox 720 3248 944 3313; x_wconf 87' lang='lat' dir='ltr'><strong>studiis</strong></span> <span class='ocrx_word' id='word_1_221' title='bbox 990 3268 1192 3313; x_wconf 90' lang='lat' dir='ltr'><strong>annos</strong></span> <span class='ocrx_word' id='word_1_222' title='bbox 1237 3250 1482 3332; x_wconf 89' lang='lat' dir='ltr'><strong>septem</strong></span> <span class='ocrx_word' id='word_1_223' title='bbox 1525 3248 1700 3312; x_wconf 88' lang='lat' dir='ltr'><strong>dedit</strong></span> <span class='ocrx_word' id='word_1_224' title='bbox 1741 3249 2145 3333; x_wconf 84' lang='lat' dir='ltr'><strong>insenuitque</strong></span> 
     </span>
     <span class='ocr_line' id='line_1_37' title="bbox 589 3332 2003 3415; baseline 0.001 -19"><span class='ocrx_word' id='word_1_225' title='bbox 589 3332 797 3397; x_wconf 91' lang='lat' dir='ltr'><strong>Libris</strong></span> <span class='ocrx_word' id='word_1_226' title='bbox 843 3335 908 3396; x_wconf 91' lang='lat' dir='ltr'><strong>et</strong></span> <span class='ocrx_word' id='word_1_227' title='bbox 950 3333 1145 3415; x_wconf 88' lang='lat' dir='ltr'><strong>curis,</strong></span> <span class='ocrx_word' id='word_1_228' title='bbox 1199 3334 1408 3396; x_wconf 90' lang='lat' dir='ltr'><strong>statua</strong></span> <span class='ocrx_word' id='word_1_229' title='bbox 1449 3333 1826 3399; x_wconf 90' lang='lat' dir='ltr'><strong>taciturnius</strong></span> <span class='ocrx_word' id='word_1_230' title='bbox 1870 3333 2003 3397; x_wconf 85' lang='lat' dir='ltr'><strong>exit</strong></span> 
     </span>
     <span class='ocr_line' id='line_1_38' title="bbox 590 3416 2396 3500; baseline 0.001 -18"><span class='ocrx_word' id='word_1_231' title='bbox 590 3417 968 3500; x_wconf 89' lang='lat' dir='ltr'><strong>Plerumque</strong></span> <span class='ocrx_word' id='word_1_232' title='bbox 998 3419 1063 3482; x_wconf 91' lang='lat' dir='ltr'><strong>et</strong></span> <span class='ocrx_word' id='word_1_233' title='bbox 1090 3416 1223 3481; x_wconf 84' lang='lat' dir='ltr'><strong>risu</strong></span> <span class='ocrx_word' id='word_1_234' title='bbox 1262 3416 1573 3500; x_wconf 87' lang='lat' dir='ltr'><strong>populum</strong></span> <span class='ocrx_word' id='word_1_235' title='bbox 1603 3417 1838 3500; x_wconf 81' lang='lat' dir='ltr'><strong>quatit:</strong></span> <span class='ocrx_word' id='word_1_236' title='bbox 1878 3416 1984 3482; x_wconf 90' lang='lat' dir='ltr'><strong>hic</strong></span> <span class='ocrx_word' id='word_1_237' title='bbox 2014 3439 2048 3482; x_wconf 93' lang='lat' dir='ltr'><strong>e</strong></span> <span class='ocrx_word' id='word_1_238' title='bbox 2096 3439 2134 3482; x_wconf 91' lang='lat' dir='ltr'><strong>o</strong></span> <span class='ocrx_word' id='word_1_239' title='bbox 2176 3438 2396 3484; x_wconf 90' lang='lat' dir='ltr'><strong>rerum</strong></span> 
     </span>
    </p>

    <p class='ocr_par' dir='ltr' id='par_1_17' title="bbox 463 3500 2152 3586">
     <span class='ocr_line' id='line_1_39' title="bbox 463 3500 2152 3586; baseline 0 -20"><span class='ocrx_word' id='word_1_240' title='bbox 463 3514 530 3566; x_wconf 77' lang='lat'><strong>86</strong></span> <span class='ocrx_word' id='word_1_241' title='bbox 586 3501 914 3566; x_wconf 88' lang='lat' dir='ltr'><strong>Fluctibus</strong></span> <span class='ocrx_word' id='word_1_242' title='bbox 958 3501 1029 3565; x_wconf 93' lang='lat' dir='ltr'><strong>in</strong></span> <span class='ocrx_word' id='word_1_243' title='bbox 1070 3500 1296 3565; x_wconf 90' lang='lat' dir='ltr'><strong>mediis</strong></span> <span class='ocrx_word' id='word_1_244' title='bbox 1332 3503 1406 3565; x_wconf 89' lang='lat' dir='ltr'><strong>-et</strong></span> <span class='ocrx_word' id='word_1_245' title='bbox 1446 3501 1932 3586; x_wconf 87' lang='lat' dir='ltr'><strong>tempestatibus</strong></span> <span class='ocrx_word' id='word_1_246' title='bbox 1975 3523 2052 3566; x_wconf 90' lang='lat' dir='ltr'><strong>ur</strong></span> <span class='ocrx_word' id='word_1_247' title='bbox 2096 3502 2152 3566; x_wconf 87' lang='lat' dir='ltr'><strong>is</strong></span> 
     </span>
    </p>
   </div>
  </div>
 </body>
</html>
