2588 4046
500 241 583 304 62

507 503 570 552 10

507 958 568 1005 15

504 1410 570 1460 20

506 1898 571 1946 25

511 3357 575 3406 10

1251 243 1643 300 CARMINVM

670 407 795 472 Hic
839 406 971 471 dies
1016 425 1186 470 anno
1228 404 1533 470 redeunte
1574 405 1776 470 festus

675 490 990 557 Cortioem
1035 490 1406 554 adstrictum
1495 489 1591 553 ioe
1634 489 1982 553 dimovebit

670 577 795 639 Am
841 575 1061 657 horae,
1106 574 1355 638 fumum
1395 573 1464 637 bi
1509 593 1613 637 ere
1654 573 1985 638 institutae

862 659 1084 722 onsule
1127 657 1333 721 Tullo.

672 776 892 859 Sume,
936 775 1305 857 Maecenas,
1353 773 1613 858 cyathos
1659 774 1847 837 amici

672 859 790 926 Sos
836 860 943 925 itis
989 861 1242 924 eentum
1286 861 1354 922 et
1393 858 1621 942 vigiles
1663 858 1952 922 lucernas

674 883 894 1009 Persser
935 944 1006 1007 in
1047 944 1283 1008 lucem:
1329 941 1553 1025 procul
1596 941 1804 1006 omnis
1848 944 1985 1005 esto

808 1027 1066 1093 Clamor
1110 1029 1176 1091 et
1216 1027 1330 1090 ira.

671 1145 857 1210 Mitte
902 1145 1116 1209 civiles
1162 1165 1352 1228 super
1392 1143 1548 1207 urbe
1593 1163 1806 1207 ouras:
1926 1195 1941 1204 .

674 1229 924 1295 Occidit
963 1228 1126 1293 Daoi
1168 1226 1493 1293 Cotisonis
1537 1247 1798 1312 agmen,

671 1312 895 1378 Medus
939 1312 1207 1377 infestus
1254 1311 1377 1376 sibi
1420 1311 1726 1376 luctuosis

802 1396 1086 1461 Dissidet
1123 1396 1346 1479 armis,
1588 1394 1595 1398 ’

675 1515 880 1580 Servit
921 1513 1248 1598 Hispanae
1289 1515 1470 1577 vetus
1513 1511 1716 1576 hostis
1762 1533 1910 1577 orae

676 1598 995 1664 Cantaber
1036 1619 1177 1662 sera
1220 1596 1497 1662 domitus
1542 1598 1796 1680 catena,
1889 1650 1893 1654 .

673 1683 811 1747 Iam
857 1681 1127 1765 Scythae
1169 1682 1315 1745 laxo
1359 1679 1747 1745 meditantur
1789 1701 1938 1745 are-u

811 1765 1047 1832 Cedere
1095 1766 1354 1849 eampis.

679 1883 744 1950 N
745 1884 1074 1968 eglegens‚
1118 1904 1329 1966 nequa
1369 1882 1641 1966 populus
1684 1880 1963 1965 laboret,

674 1967 871 2033 Parce
912 1967 1198 2052 privatus
1240 1967 1512 2032 nimium
1557 1986 1803 2050 cavere;

675 2051 865 2116 Dona
905 2053 1257 2135 praesentis
1303 2072 1456 2135 cape
1501 2052 1703 2116 laetus
1745 2049 1973 2133 horae,

810 2135 1054 2219 Linque
1099 2158 1336 2201 severa.

1347 2390 1580 2465 VHII.

675 2522 920 2588 ‘Donec
962 2525 1181 2620 gratus
1227 2543 1400 2586 eram
1442 2520 1562 2585 tibi

808 2606 947 2672 Nec
990 2627 1324 2703 qumquam
1365 2604 1577 2689 potior
1607 2602 1894 2669 bracchia
1921 2601 2234 2669 candidae

623 2779 630 2790 ,
677 2690 926 2756 Cervioi
969 2690 1214 2754 iuvems
1261 2690 1484 2772 dabat,

809 2773 1145 2840 Persarum
1187 2773 1365 2857 vigui
1406 2794 1557 2858 rege
1599 2772 1889 2837 beatior?

680 2891 925 2956 ‘Donec
964 2911 1099 2955 non
1142 2891 1269 2954 alia
1309 2890 1517 2975 magis

808 2975 1044 3038 Arsisti
1085 2996 1291 3057 neque
1311 2977 1472 3072 ‚erat
1512 2973 1714 3058 Lydia
1755 2976 1903 3057 post
1946 2971 2233 3057 Chloen,

675 3058 866 3123 Multi
907 3057 1109 3141 Lydia
1150 3058 1431 3123 nominis

808 3142 1100 3207 Romana
1140 3142 1318 3227 vigui
1360 3142 1589 3207 clarior
1630 3141 1794 3206 nia?

674 3260 806 3325 ‘Me
848 3281 1020 3325 nuno
1062 3259 1337 3324 Thressa
1380 3259 1580 3325 Chloe
1621 3259 1818 3344 regit,

2264 241 2468 313 svm.

813 3343 1048 3409 Duloes
1094 3344 1280 3408 docta
1323 3343 1546 3408 modos
1591 3346 1656 3408 et
1697 3342 1977 3407 citharae
2021 3341 2238 3408 sciens
2254 3393 2278 3430 ‚

676 3427 800 3492 Pro
847 3448 973 3511 qua
1014 3448 1147 3492 non
1189 3429 1471 3492 metuam
1512 3428 1705 3510 mori,

812 3511 882 3577 Si
922 3515 1186 3596 parcent
1227 3512 1477 3576 animae
1521 3511 1656 3577 fata
1699 3509 2066 3597 superstiti!
