2588 4046
194 255 277 328 Χ]
987 256 1203 311 menn
1242 255 1287 314 1.
1984 249 2102 315 153

189 417 562 567 ffiffiffffi
590 417 1870 588 fflssssssfissuessufeffiaiffussffiss5³¹3&ssssss

187 585 392 651 Comis
438 590 502 650 et
540 609 616 651 ur
662 607 851 669 anuS,
896 586 1090 651 fuerit
1131 586 1412 651 limatior
1454 552 1654 672 ide'm,
1881 552 1900 587 '
2035 598 2101 649 65

189 669 384 746 Quam
427 670 601 735 rudis
646 672 711 735 et
754 669 1014 735 Graecis
1059 671 1285 735 intacti
1331 671 1628 738 carminis
1673 676 1893 737 auctor

186 754 505 839 Quamque
547 757 883 839 poetarum
927 755 1248 819 seniorum
1290 755 1508 840 turba3
1554 756 1666 820 sed
1707 756 1847 839 ille,

184 836 248 903 Si
288 839 452 904 foret
492 838 617 904 hoc
659 841 953 903 nostrum
996 838 1127 903 fato
1174 839 1408 903 dilatus
1452 839 1521 903 in
1565 860 1820 923 aevum,

183 921 508 987 Detereret
550 921 672 987 sibi
714 923 946 1006 multa,
991 922 1299 988 recideret
1343 944 1531 988 omne
1576 924 1746 1007 quod
1789 924 1955 989 ultra

184 1005 534 1072 Perfectum
574 1005 961 1090 traheretur,
1007 1009 1070 1071 et
1110 1007 1182 1071 in
1223 1028 1412 1071 versu
1456 1006 1745 1072 faciendo
1958 1009 1963 1014 ’
2035 1021 2101 1071 70

184 1089 374 1176 Saepe
420 1093 613 1174 caput
655 1091 970 1170 scaberet,
1015 1090 1193 1155 vivos
1239 1093 1306 1155 et
1346 1090 1598 1155 roderet
1640 1113 1906 1177 ungues.

183 1173 376 1271 Saepe
404 1176 625 1240 stilum
664 1177 905 1257 vertas,
949 1174 1180 1239 iterum
1209 1196 1369 1259 quae
1414 1174 1477 1238 di
1572 1196 1611 1238 a
1653 1175 1782 1260 legi
1814 1176 1942 1242 sint

184 1255 567 1342 Scnpturus,
610 1279 817 1342 neque
860 1261 924 1322 te
966 1260 1040 1323 ut
1080 1260 1347 1323 miretur
1388 1262 1492 1323 tur
1538 1281 1577 1323 a
1618 1259 1902 1343 laboreS,

183 1339 530 1407 Contentus
619 1343 792 1407 aucis
836 1343 1198 1407 lectoribus.
1280 1345 1390 1406 An
1430 1346 1544 1407 tua
1587 1343 1845 1409 demens

181 1424 423 1491 Vilibus
467 1427 539 1491 in
605 1427 748 1492 udis
792 1426 1018 1491 dictari
1061 1427 1345 1492 carmina
1386 1428 1615 1493 malis?
2035 1442 2095 1492 τε

182 1509 323 1576 Non
365 1531 520 1597 ego:
564 1532 716 1575 nam
760 1511 914 1575 satis
970 1514 1068 1576 est
1111 1511 1387 1595 equitem
1430 1511 1627 1659 mihid
1644 1513 1972 1597 plaudere,

1389 1598 1462 1659 ut
1504 1618 1583 1660 au
1629 1619 1707 1660 ax

181 1678 575 1763 Contemptis
619 1679 794 1763 aliis,
841 1700 875 1744 e
963 1680 1103 1743 losa
1145 1680 1507 1745 Arbuscula
1550 1644 1737 1744 dixit?

180 1762 324 1827 Men
365 1766 622 1828 moveat
666 1763 869 1828 cimex
963 1764 1255 1847 antilius,
1302 1766 1414 1827 aut
1457 1764 1693 1830 cruciet
1735 1765 1904 1849 quod

180 1845 448 1913 Vellicet
494 1847 820 1913 absentem
863 1847 1224 1913 Demetrius
1234 1897 1254 1932 ,
1300 1850 1411 1912 aut
1454 1848 1623 1931 quod
1665 1848 1919 1931 ineptus

180 1929 455 1997 Fannius
501 1932 930 2017 Hermogenis
974 1933 1186 1997 laedat
1229 1933 1499 1997 conviva
1543 1932 1820 2018 Tigelli?
2033 1946 2098 1997 80

180 2014 415 2082 Plotius
461 2018 527 2082 et
566 2015 798 2082 Varius
812 2066 831 2101 ,
875 2016 1210 2083 Maecenas
1253 2016 1731 2102 Vergiliusque,

179 2099 440 2187 Valgius
487 2104 551 2166 et
591 2101 820 2185 probet
859 2100 1019 2166 haec
1064 2101 1363 2166 Octavius
1408 2102 1687 2186 optimus
1731 2104 1920 2186 atque

180 2182 412 2251 Fuscus
459 2188 526 2250 et
565 2184 724 2250 haec
766 2185 1013 2251 utinam
1042 2184 1379 2251 Viscorum
1422 2185 1637 2251 laudet
1679 2188 1970 2270 uterque!

179 2269 544 2334 Ambitione
586 2270 869 2355 relegata
908 2273 974 2334 te
1019 2270 1225 2334 dicere
1267 2291 1560 2354 possum,

179 2351 352 2417 Polio
429 2357 525 2436 te,
570 2353 897 2436 Messalla,
941 2355 1053 2418 tuo
1098 2376 1244 2418 cum
1285 2354 1516 2438 fratre,
1564 2355 1753 2420 simul
1797 2375 1877 2418 ue
2033 2366 2099 2417 86

179 2434 336 2522 Vos,
365 2403 597 2501 l3ibule
629 2439 692 2501 et
721 2436 930 2521 Servi,
974 2437 1163 2502 simul
1190 2438 1291 2503 his
1318 2440 1414 2522 te,
1447 2438 1712 2503 candide
1837 2439 1936 2501 rni
1949 2487 1969 2523 ,

181 2517 312 2584 Con
359 2522 531 2586 lures
576 2522 767 2605 alios,
812 2521 1033 2586 doctos
1077 2542 1197 2607 ego
1244 2542 1404 2605 quos
1450 2525 1514 2586 et
1555 2523 1794 2587 amicos

179 2602 300 2668 Pru
344 2627 459 2669 ens
483 2609 828 2689 praetere0,
895 2606 1080 2671 uibus
1101 2606 1279 2689 haec,
1325 2607 1453 2669 sint
1473 2606 1973 2690 qualiacumque,

179 2687 473 2754 Ari-idere
518 2689 737 2774 velim,
783 2627 1125 2773 doffiturus,
1170 2691 1226 2754 si
1266 2689 1563 2774 placeant
1604 2711 1633 2754 s
1682 2711 1716 2754 e

179 2769 470 2837 Deterius
514 2777 756 2838 nostra.
845 2773 1163 2858 Demetri,
1209 2776 1427 2858 teque,
1472 2713 1735 2859 Tigefli,

180 2853 646 2940 Discipularum
688 2859 854 2922 inter
897 2858 1084 2923 iubeo
1173 2859 1382 2922 lorare
1424 2857 1771 2923 cathedras,

180 2936 240 3022 1,
279 2962 468 3026 puer,
513 2944 702 3026 atque
745 2962 889 3007 meo
935 2944 1096 3007 citus
1187 2963 1294 3007 aec
1342 2942 1665 3007 subscribe
1709 2942 1946 3008 libello.

2034 2789 2101 2839 90
