2588 4046
148 271 262 343 [IL]
941 267 1156 324 LIBER
1197 267 1268 326 Π.
1947 259 2074 325 235

148 434 360 498 Ausus
402 430 607 497 idem:
649 432 901 496 tantum
944 430 1139 497 series
1182 431 1599 514 iuncturaque
1641 430 1875 514 pollet,

149 517 426 581 Tantum
469 516 545 581 de
588 515 798 580 medio
844 515 1115 599 sumptis
1157 514 1404 579 accedit
1443 513 1724 579 honoris.

150 600 336 666 Silvis
380 600 636 666 deducti
680 602 945 664 caveant
985 620 1088 663 me
1131 599 1336 664 iudice
1378 599 1616 682 Fauni,

148 684 211 751 N
213 707 247 749 e
290 685 467 749 velut
506 684 714 749 innati
755 683 960 748 triviis
1005 703 1081 747 ac
1122 704 1326 766 paene
1369 683 1655 747 forenses
1974 692 2071 743 24⁵

148 770 280 833 Aut
305 767 576 833 nimium
617 767 854 832 teneris
884 768 1262 832 iuvenentur
1302 767 1590 832 versibus
1619 787 1948 850 umquam,

148 854 280 917 Aut
321 852 631 916 inmunda
673 854 935 936 crepent
976 851 1531 936 ignominiosaque
1576 850 1771 915 dicta:

150 936 574 1002 Offenduntur
598 936 788 1019 enim,
819 934 1047 1032 quibus
1078 938 1177 999 est
1205 956 1403 1019 equus
1433 938 1500 1000 et
1526 937 1707 1019 pater
1736 936 1800 999 et
1826 954 1949 1017 res,

147 1020 284 1087 Nec
330 1020 540 1104 siquid
582 1020 756 1084 fricti
799 1019 1022 1084 cleeris
1064 1018 1299 1103 probat
1340 1021 1404 1084 et
1444 1019 1628 1084 nucis
1673 1019 1922 1102 emptor

148 1104 388 1188 Aequis
432 1104 755 1188 accipiunt
796 1103 1026 1167 animis
1073 1103 1392 1167 donantve
1437 1124 1690 1186 corona.
1974 1111 2076 1163 250

150 1188 409 1272 Syllaba
451 1189 649 1273 longa
688 1187 868 1252 brevi
911 1186 1196 1252 subiecta
1235 1189 1502 1252 vocatur
1543 1186 1822 1269 iambus,

147 1273 268 1338 Pes
313 1272 507 1337 citus:
551 1271 719 1336 unde
762 1271 958 1336 etiam
997 1271 1304 1336 trimetris
1349 1291 1704 1337 accrescere
1745 1269 1931 1335 iussit

146 1357 402 1422 Nomen
444 1356 709 1420 iambeis
719 1404 739 1440 ‚
788 1376 932 1420 cum
976 1376 1165 1420 senos
1208 1354 1500 1420 redderet
1541 1356 1705 1420 ictus

145 1441 397 1505 Primus
427 1440 508 1504 ad
537 1443 887 1505 extremum
918 1439 1143 1504 similis
1174 1440 1327 1505 sibi:
1371 1460 1506 1504 non
1547 1440 1640 1504 ita
1672 1437 1950 1522 pridem,

146 1525 416 1590 Tardior
457 1527 531 1590 ut
571 1525 786 1608 paullo
832 1524 1208 1620 graviorque
1251 1524 1499 1588 veniret
1541 1523 1624 1587 ad
1667 1544 1877 1606 aures,
1976 1532 2076 1582 255

149 1609 483 1693 Spondeos
527 1608 791 1672 stabiles
835 1630 906 1671 m
948 1608 1089 1672 iura
1128 1609 1398 1691 paterna
1436 1607 1680 1692 recepit

147 1693 539 1759 Commodus
584 1695 650 1757 et
689 1692 970 1776 patiens,
1014 1711 1150 1755 non
1189 1694 1265 1756 ut
1307 1692 1385 1756 de
1429 1690 1576 1755 sede
1621 1690 1900 1755 secunda

149 1778 416 1844 Cederet
458 1779 571 1841 aut
612 1779 838 1860 quarta
881 1775 1221 1840 socialiter.
1308 1774 1435 1840 Hic
1479 1777 1545 1840 et
1585 1775 1655 1838 in
1696 1775 1849 1838 Acci

147 1861 490 1929 Nobilibus
532 1861 837 1925 trimetris
883 1859 1148 1944 adparet
1187 1880 1399 1943 rarus,
1445 1861 1511 1923 et
1550 1859 1726 1922 Enni

147 1946 229 2012 In
269 1966 565 2011 scaenam
605 1945 838 2009 missos
883 1965 1029 2009 cum
1071 1965 1307 2029 magno
1351 1943 1631 2028 pondere
1674 1963 1894 2007 versus
1978 1952 2079 2004 260

148 2032 284 2096 Aut
326 2051 557 2115 operae
602 2030 826 2095 celeris
868 2029 1139 2093 nimium
1182 2049 1458 2112 curaque
1499 2026 1773 2093 carentis

152 2118 284 2180 Aut
325 2115 660 2200 ignoratae
701 2114 936 2197 premit
979 2114 1135 2177 artis
1180 2113 1444 2177 crimine
1494 2112 1687 2210 turpi.

148 2199 303 2266 Non
347 2199 554 2283 quivis
597 2198 773 2262 videt
813 2197 1211 2262 inmodulata
1253 2198 1550 2281 poemata
1592 2195 1814 2279 ludex,

149 2284 239 2349 Et
281 2283 432 2347 data
474 2282 784 2347 Romanis
826 2282 1077 2347 veniast
1117 2281 1387 2366 indigna
1425 2281 1654 2365 poetis·

149 2369 482 2434 Idcircone
523 2387 720 2451 vager
764 2366 1161 2449 scribamque
1204 2364 1515 2431 licenter?
1561 2386 1646 2429 an
1690 2385 1911 2429 omnes
1979 2375 2080 2425 265

149 2453 422 2518 Visuros
463 2454 729 2535 peccata
770 2453 989 2533 putem
1031 2471 1203 2534 mea,
1246 2453 1424 2514 tutus
1468 2452 1534 2514 et
1574 2449 1747 2512 intra

150 2536 194 2602 S
241 2559 346 2602 em
388 2535 612 2600 veniae
656 2534 922 2600 cautus?
966 2534 1185 2599 Vitavi
1228 2533 1500 2617 denique
1544 2532 1826 2615 culpam,

216 2642 305 2686 on
347 2619 600 2684 laudem
642 2619 863 2684 merui.
948 2618 1084 2683 Vos
1130 2617 1514 2703 exemplaria
1557 2615 1802 2681 Graeca

149 2705 492 2772 Nocturna
531 2707 780 2769 versate
822 2724 1047 2786 manu,
1089 2705 1336 2768 versate
1381 2702 1624 2766 diurna.

148 2790 242 2854 At
283 2788 482 2854 vestri
525 2788 746 2872 proavi
787 2787 1119 2852 Plautinos
1164 2789 1228 2851 et
1268 2806 1569 2852 numeros
1614 2787 1679 2849 et
1982 2793 2081 2845 270

147 2873 521 2939 Laudavere
565 2872 730 2937 sales
743 2921 762 2956 ‚
806 2872 1076 2935 nimium
1118 2871 1434 2955 patienter
1473 2874 1841 2953 utrumque,

149 2957 252 3024 Ne
297 2957 508 3022 dicam
551 2956 773 3039 stulte,
817 2956 1066 3039 mirati,
1112 2955 1167 3019 si
1208 2955 1400 3019 modo
1445 2976 1478 3019 e
1526 2975 1563 3018 o
1610 2956 1675 3019 et
1715 2974 1830 3018 vos

152 3042 405 3108 Scimus
447 3041 832 3105 inurbanum
874 3038 1086 3122 lepido
1124 3059 1431 3123 seponere
1523 3038 1645 3102 'cto
1657 3087 1676 3122 ‚

149 3126 666 3211 Legitimumque
710 3144 939 3188 sonum
983 3122 1203 3207 digitis
1247 3123 1549 3188 callemus
1593 3125 1660 3186 et
1702 3143 1872 3187 aure.

149 3210 462 3295 Ignotum
503 3211 605 3273 tra
655 3208 786 3272 'cae
829 3227 1034 3293 genus
1077 3207 1398 3271 invenisse
1443 3205 1759 3271 Camenae
1984 3215 2084 3266 27⁶

150 3293 410 3359 Dicitur
452 3295 519 3357 et
557 3314 601 3377 p
629 3292 861 3357 austris
902 3289 1150 3355 vexisse
1192 3291 1491 3373 poemata
1532 3289 1803 3372 Thespis

153 3378 278 3454 Qui
322 3379 630 3442 canerent
671 3376 1063 3458 agerentque
1105 3372 1403 3455 peruncti
1445 3370 1733 3435 faecibus
1777 3390 1910 3434 ora.

152 3463 314 3527 Post
352 3461 532 3527 hunc
573 3478 884 3543 personae
924 3456 1262 3540 pallaeque
1304 3458 1592 3538 repertor
1632 3454 1941 3518 honestae

154 3546 514 3629 Aeschylus
560 3547 626 3608 et
665 3542 933 3608 modicis
976 3540 1278 3606 instravit
1320 3538 1571 3622 pulpita
1613 3538 1820 3623 tignis
