2588 4046
486 233 613 299 236
1185 232 1697 290 Ems'rvmmm
2293 231 2428 304 [ω.

486 413 589 466 280
615 400 704 465 Et
746 397 963 464 docuit
1002 417 1434 482 magnumque
1476 394 1654 479 loqui
1695 395 1939 478 nitique
1982 392 2319 459 cothurn0.

614 483 932 550 Successit
972 484 1154 565 vetus
1195 480 1299 545 his
1343 479 1699 563 comoedia,
1742 499 1878 543 non
1920 477 2058 543 sine
2100 477 2309 542 multa

611 567 856 652 Laude3
901 566 1012 631 sed
1053 566 1124 630 in
1166 565 1392 630 vitium
1433 564 1703 628 libertas
1736 561 1972 627 excidit
2015 563 2081 626 et
2120 561 2255 625 vim

612 651 896 737 Dignam
937 651 1081 734 lege
1123 649 1292 734 regi:
1337 649 1442 712 lex
1485 650 1584 713 est
1625 649 1884 731 accepta
1927 645 2287 729 chorusque

614 735 909 820 Turpiter
952 732 1221 799 obticuit
1263 732 1514 797 sublato
1558 731 1694 796 iure
1735 730 2030 796 nocendi.

485 833 588 886 285
616 820 731 886 Nil
772 819 1223 902 intemptatum
1264 817 1470 881 nostri
1514 816 1754 899 liquere
1795 817 2054 899 poetae3

613 904 680 971 N
682 925 753 969 ec
794 902 1130 967 minimum
1171 921 1455 965 meruere
1500 899 1690 964 decus
1732 899 2006 984 vestigia
2050 897 2299 965 Graeca

614 988 776 1052 Ausi
820 987 1104 1063 deserere
1147 988 1212 1049 et
1254 983 1574 1049 celebrare
1617 983 1968 1048 domestica
2008 982 2206 1066 facta,

614 1072 738 1137 Vel
781 1071 890 1155 qui
931 1072 1291 1154 praetextas
1335 1067 1439 1133 vel
1481 1068 1589 1152 qui
1633 1067 1902 1132 docuere
1943 1070 2215 1151 togatas.

612 1156 679 1223 N
681 1177 753 1221 ec
795 1155 1028 1220 virtute
1072 1154 1238 1221 foret
1281 1152 1546 1219 clarisve
1588 1152 1914 1236 potentius
1959 1153 2151 1216 armis
2162 1199 2182 1235 ,

488 1254 591 1305 290
621 1240 825 1316 Quam
868 1238 1117 1325 lingua,
1160 1238 1446 1321 Latium,
1491 1237 1546 1301 si
1587 1258 1722 1301 non
1764 1235 2112 1300 offenderet
2154 1257 2363 1300 unum

616 1324 818 1400 Quem
862 1345 941 1389 ue
983 1325 1318 1408 poetarum
1358 1322 1547 1386 limae
1589 1320 1773 1385 labor
1801 1323 1866 1385 et
1903 1341 2101 1385 mora.
2175 1319 2337 1404 Vos,
2392 1342 2436 1385 o

615 1345 969 1492 Pompflius
999 1407 1259 1493 sanguis
1311 1427 1566 1471 carmen
1591 1404 2054 1490 reprehendite,
2085 1404 2258 1487 quod
2288 1425 2442 1471 non

614 1492 823 1558 Multa
865 1491 1000 1557 dies
1045 1494 1110 1557 et
1149 1455 1352 1555 multa
1391 1490 1584 1555 litura
1626 1488 1953 1555 cohercuit
1994 1490 2184 1571 atque

615 1577 1020 1642 Praesectum
1063 1576 1270 1641 decies
1312 1595 1447 1639 non
1488 1574 1825 1659 castigavit
1866 1572 1948 1637 ad
1989 1593 2293 1658 unguem.

487 1674 589 1726 295
618 1661 959 1746 Ingenium
1002 1660 1235 1724 misera
1277 1659 1428 1743 quia
1468 1658 1849 1723 fortunatius
1880 1659 2015 1722 arte

620 1745 837 1811 Credit
880 1747 945 1809 et
986 1744 1266 1809 excludit
1310 1764 1501 1808 sanos
1543 1742 1855 1807 Helicone
1895 1743 2117 1827 poetas

614 1828 1020 1894 Democritus
1030 1877 1050 1912 ,
1095 1828 1266 1893 bona
1305 1848 1457 1912 pars
1483 1847 1619 1891 non
1647 1847 1892 1911 ungues
1980 1846 2172 1890 onere
2216 1830 2439 1911 curat,

615 1912 769 1978 Non
808 1912 1105 1996 barbam,
1151 1915 1395 1977 secreta
1434 1911 1598 2007 petit
1639 1911 1810 1994 loca,
1853 1910 1897 1974 b
2008 1931 2085 1974 ea
2126 1909 2315 1975 vitat.

615 1996 1037 2064 Nanciscetur
1079 1996 1251 2062 enim
1292 1997 1569 2081 pretlum
1611 2014 1971 2079 nomenque
2012 1996 2279 2079 poetae,

490 2094 592 2145 800
621 2082 689 2148 Si
730 2082 935 2146 tribus
977 2080 1307 2165 Anticyris
1351 2083 1542 2164 caput
1587 2079 1942 2144 insanabile
1983 2100 2339 2163 numquam

616 2166 889 2230 Tonsori
929 2165 1154 2231 Licino
1200 2164 1586 2231 conmiserit.
1675 2163 1729 2229 Ο
1776 2185 1896 2248 ego
1940 2164 2187 2247 laevus,

618 2250 741 2325 Qui
782 2271 1023 2335 purgor
1065 2250 1260 2314 bilem
1305 2248 1423 2313 sub
1464 2248 1644 2313 verni
1685 2248 1991 2331 temporis
2033 2246 2295 2313 horam!

615 2333 769 2399 Non
811 2334 974 2399 alius
1016 2333 1254 2398 faceret
1296 2333 1562 2397 meliora
1602 2334 1925 2415 poemata:
1970 2353 2193 2396 verum
2304 2402 2311 2406 ,

614 2417 729 2483 Nil
770 2418 1013 2482 tantist.
1101 2417 1277 2501 Ergo
1322 2417 1555 2502 fungar
1595 2416 1733 2481 vice
1777 2416 1967 2499 cotis,
2012 2419 2275 2481 acutum

490 2514 590 2565 805
618 2501 906 2566 Reddere
948 2522 1108 2585 quae
1150 2500 1389 2565 ferrum
1430 2501 1600 2564 valet
1642 2520 1859 2564 exsors
1903 2500 2044 2584 ipsa
2087 2500 2387 2586 secandi3

614 2585 849 2651 Munus
894 2588 960 2650 et
1000 2584 1314 2668 officium,
1357 2583 1453 2647 nil
1496 2583 1779 2648 scribens
1822 2583 1992 2667 ipse,
2036 2582 2317 2668 doceb0,

616 2667 801 2735 Vnde
876 2672 1131 2733 arentur
1160 2690 1198 2733 o
1246 2689 1315 2733 es
1326 2717 1345 2752 ,
1391 2667 1542 2751 quid
1572 2668 1703 2732 alat
1743 2667 2099 2751 formetque
2141 2672 2441 2754 poetam,

618 2753 784 2829 Quid
856 2755 1060 2836 eceat,
1092 2691 1244 2836 qui}
1271 2773 1406 2816 non
1415 2799 1435 2835 ,
1466 2772 1591 2836 quo
1614 2751 1846 2834 virtus,
1877 2772 2002 2849 quo
2032 2751 2202 2815 ferat
2223 2774 2440 2819 error.

617 2836 947 2903 Scribendi
989 2840 1159 2901 recte
1203 2840 1490 2920 saperest
1532 2838 1597 2900 et
1636 2836 2023 2919 principlum
2067 2839 2132 2900 et
2176 2836 2362 2902 fons:

490 2934 592 2985 810
618 2921 781 2986 Rem
832 2920 953 2985 tibi
997 2919 1356 2986 Socraticae
1399 2922 1701 3005 poterunt
1753 2920 2085 2984 ostendere
2129 2920 2440 3008 chartae,

614 3004 949 3087 Verbaque
991 3005 1315 3088 provisam
1356 3026 1493 3069 rem
1534 3024 1666 3067 non
1708 3004 1909 3070 invita
1951 3025 2017 3068 se
2062 3007 2322 3070 uentur.

618 3088 742 3164 Qui
784 3088 1033 3172 didicit,
1076 3087 1321 3172 patriae
1365 3087 1517 3171 quid
1560 3087 1788 3153 debeat
1822 3090 1887 3152 et
1928 3087 2037 3171 qui
2122 3089 2350 3154 amicis
2360 3138 2386 3173 ,

617 3171 755 3247 Quo
814 3172 900 3237 sit
952 3192 1167 3237 amore
1221 3192 1484 3257 parens,
1550 3192 1676 3256 quo
1737 3173 1934 3236 frater
1988 3171 2306 3237 amandus
2361 3177 2439 3239 et

616 3341 801 3417 Quod
843 3342 928 3406 sit
971 3341 1346 3426 conscripti,
1402 3339 1568 3439 quod
1617 3255 2170 3405 indligisgegssficium
2184 3390 2205 3424 ,
2263 3362 2435 3425 quae

492 3436 589 3486 815
617 3424 838 3488 Partes
880 3424 951 3488 in
992 3424 1231 3488 bellum
1272 3425 1454 3489 missi
1498 3424 1708 3489 ducis:
1753 3424 1862 3488 ille
1904 3423 2195 3507 profecto

614 3505 901 3573 Reddere
939 3528 1255 3593 personae
1299 3509 1421 3574 scit
1463 3507 1907 3574 convenientia
1950 3508 2195 3592 cuique.
