2588 4046
492 260 611 326 108
1305 265 1600 322 EPODON

487 440 552 490 65
699 427 1076 511 Positosque
1117 448 1375 512 vernaS,
1420 427 1569 492 ditis
1614 448 1874 493 examen
1921 428 2174 511 domus,

792 511 1047 578 Circum
1087 512 1447 576 renidentes
1490 511 1724 576 Lares?

696 595 875 661 Haec
916 597 1027 660 ubi
1071 597 1319 661 locutus
1363 595 1683 660 fenerator
1725 596 1959 680 Alfius,

789 680 929 744 Iam
973 681 1101 744 iam
1142 681 1394 744 futurus
1436 680 1741 762 rusticus,

700 763 973 829 Omnem
1013 764 1261 849 redegit
1302 762 1521 828 Idibus
1564 764 1931 849 pecuniam,

489 860 556 909 ἰο
797 847 1060 923 Quaerit
1095 845 1406 912 Kalendis
1449 869 1707 931 ponere.

1387 1188 1515 1263 ΠΙ.

699 1319 989 1385 Parentis
1032 1319 1187 1384 oli-m
1230 1319 1428 1404 siquis
1470 1318 1649 1403 inpia
1689 1340 1884 1383 manu

795 1403 1007 1468 Senile
1048 1406 1270 1502 guttur
1310 1403 1603 1488 fregerit,

699 1487 855 1553 Edit
898 1489 1119 1553 cicut1s
1162 1488 1383 1552 allium
1423 1487 1773 1552 nocentius.

796 1571 849 1637 Ο
895 1572 1052 1637 dura
1092 1593 1446 1637 messorum
1487 1571 1625 1636 ilia!

486 1667 521 1717 5
704 1655 870 1732 Quid
911 1656 1035 1720 hoc
1076 1656 1307 1720 veneni
1351 1656 1552 1755 saevit
1593 1655 1663 1719 in
1703 1653 2130 1739 praecordiis?

793 1738 968 1806 Num
1008 1740 1332 1823 viperinus
1374 1739 1476 1804 his
1520 1760 1707 1803 cruor
2094 1800 2120 1810 ‚

700 1823 998 1889 Incoctus
1041 1823 1256 1888 herbis
1300 1845 1403 1887 me
1445 1822 1720 1887 fefellit?
1780 1844 1864 1886 an
1905 1822 2105 1886 malas

797 1907 1066 1974 Canidia
1107 1906 1408 1973 tractavit
1450 1906 1690 1991 dapes?

701 1991 791 2059 Vt
831 1994 926 2056 Ar
972 1995 1241 2057 onautas
1283 1994 1536 2076 praeter
1578 2012 1798 2056 omnes
1843 1989 2190 2056 candidum

810 2014 1037 2141 Medea
1077 2076 1370 2141 miratast
1411 2076 1664 2159 ducem,

699 2161 936 2246 Ignota
976 2161 1176 2225 tauris
1218 2161 1636 2246 inligaturum
1678 2161 1830 2245 iuga

794 2244 1101 2309 Perunxit
1141 2245 1264 2310 hoc
1306 2244 1630 2329 Iasonem3

701 2327 844 2393 Hoc
889 2328 1185 2393 delibutis
1227 2329 1366 2392 ulta
1408 2328 1591 2392 donis
1630 2323 1957 2409 paelicem,

796 2411 1101 2497 Sel-pente
1142 2413 1313 2497 fugit
1354 2412 1523 2476 alite.

495 2507 557 2558 15
705 2495 844 2563 Nec
884 2499 1103 2562 tantus
1131 2517 1434 2580 umquam
1464 2496 1739 2560 siderum
1781 2494 2017 2560 insedit
2044 2516 2258 2579 vapor

797 2580 1170 2647 Siticulosae
1213 2580 1517 2664 Apuliae,

700 2670 832 2729 Nec
872 2686 1103 2729 munus
1144 2665 1380 2729 umeris
1425 2664 1701 2728 efficacis
1743 2663 2036 2728 Herculis

794 2748 1033 2813 Inarsit
1073 2749 1445 2814 aestuosius.

700 2834 792 2897 At
835 2832 1041 2916 siquid
1083 2853 1385 2916 umquam
1425 2833 1555 2897 tale
1600 2830 2063 2915 concupiveris,

492 2930 560 2979 20
795 2916 1017 2981 Iocose
1060 2916 1394 2981 Maecenas
1404 2965 1422 3000 ,
1465 2936 1719 3000 precor,

700 2999 966 3065 Manum
1007 3000 1219 3084 puella
1262 3001 1437 3065 savio
1483 3021 1521 3064 o
1567 3001 1767 3083 ponat
1807 3001 1918 3063 tuo
1931 3045 1952 3081 ,

794 3083 1098 3148 Extrema
1140 3087 1204 3149 et
1244 3084 1315 3147 in
1359 3105 1521 3168 spon
1565 3105 1603 3147 a
1645 3084 1851 3148 cubet.

496 2090 559 2140 10
