2588 4046
496 213 573 277 16

492 1453 556 1503 10

491 1925 554 1974 15

486 2397 555 2447 20

485 2920 552 2968 25

1248 216 1641 272 CARMINVM

1330 449 1557 524 XVII.

741 582 947 648 Velox
991 604 1330 646 amoenum
1375 602 1563 664 saepe
1606 581 1985 646 Lucretilem

741 667 952 731 Mutat
993 667 1242 750 Lycaeo
1286 666 1545 730 Faunus
1592 667 1658 729 et
1699 665 1957 762 igneam

833 751 1139 816 Defendit
1181 752 1488 814 aestatem
1532 749 1792 833 capellis

934 835 1150 919 Vsque
1194 835 1353 899 meis
1387 833 1763 917 pluviosque
1807 837 2049 898 ventos,

739 970 987 1053 Inpune
1029 972 1240 1033 tutum
1282 990 1397 1053 per
1438 989 1662 1033 nemus
1706 967 1965 1032 arbutos

741 1054 1068 1130 Quaenmt
1108 1055 1382 1118 latentes
1427 1057 1492 1116 et
1530 1052 1754 1135 thyma
1796 1052 2015 1115 deviae

835 1138 1082 1203 Olentis
1126 1158 1356 1202 uxores
1400 1137 1645 1220 mariti,

933 1222 998 1286 N
1001 1243 1073 1286 ec
1114 1221 1347 1286 virides
1391 1222 1683 1285 metuunt
1733 1221 2023 1285 colubras

740 1357 880 1422 Nec
922 1356 1247 1420 martiales
1290 1356 1623 1420 Haediliae
1667 1355 1881 1439 lupoS,

743 1441 1100 1523 Vtcumque
1146 1440 1346 1521 dulci,
1391 1439 1701 1522 hudari,
1739 1439 1958 1503 'fistula

833 1524 1051 1589 Valles
1097 1527 1160 1588 et
1200 1523 1460 1588 Vsticae
1505 1524 1797 1588 cubantis

933 1609 1130 1672 Levia
1171 1628 1555 1692 personuere
1600 1629 1772 1671 saxa.

740 1744 825 1809 Di
870 1765 971 1807 me
1015 1746 1307 1825 tuentur,
1353 1742 1450 1806 dis
1492 1744 1695 1839 pietas
1737 1763 1881 1806 mea

739 1828 828 1893 Et
870 1828 1055 1892 Musa
1098 1827 1356 1892 cordist.
1431 1825 1555 1891 Hic
1598 1827 1718 1890 tibi
1761 1827 1947 1909 copia

835 1911 1127 1976 Manabit
1169 1911 1249 1975 ad
1290 1910 1554 1994 plenum
1596 1909 1876 1995 benigno
1995 1964 2002 1968 ,

934 1996 1125 2062 Ruris
1170 1995 1488 2060 honorum
1533 1995 1837 2079 opulenta
1882 2015 2090 2060 cornu.

739 2131 864 2197 Hic
908 2133 976 2195 in
1018 2131 1281 2196 reducta
1321 2131 1487 2195 valle
1532 2130 1871 2195 Caniculae

739 2215 992 2280 Vitabis
1037 2218 1281 2297 aestu8‚
1329 2216 1393 2278 et
1434 2214 1557 2277 fide
1601 2213 1757 2278 Teia

831 2300 1022 2364 Dices
1066 2299 1431 2362 laborantes
1475 2298 1544 2361 in
1587 2319 1714 2362 uno

935 2382 1305 2465 Penelopen
1347 2381 1737 2465 vitreamque
1782 2382 2037 2467 Circen3

739 2519 865 2582 Hic
908 2516 1268 2582 innocentis
1311 2516 1541 2600 pocula
1583 2517 1797 2582 Lesbii

740 2602 948 2667 Duces
993 2601 1111 2666 sub
1154 2601 1410 2684 umbra,
1454 2621 1574 2665 nec
1618 2601 1964 2666 Semeleius

834 2686 995 2751 Cum
1038 2685 1243 2750 Marte
1289 2685 1639 2749 confundet
1681 2685 2019 2768 Thyoneus

934 2770 1218 2853 Proelia,
1262 2790 1383 2834 nec
1426 2772 1667 2833 metues
1712 2774 2078 2853 protervum

744 2905 1055 2989 Suspecta
1098 2903 1368 2986 Cyrum,
1415 2925 1496 2968 ne
1539 2903 1706 2968 male
1749 2903 1987 2986 dispari

740 2988 1218 3053 Incontinentes
1263 2988 1484 3053 iniciat
1526 3009 1752 3052 manus

832 3072 920 3137 Et
962 3072 1210 3137 scindat
1252 3072 1619 3136 haerentem
1664 3093 1963 3136 coronam

933 3156 1231 3222 Crinibus
1276 3156 1760 3239 inmeritamque
1804 3158 2061 3221 vestem.
