2588 4046
212 261 299 334 x]
1003 261 1219 318 ΜΒΕΒ
1260 261 1305 319 1.
2020 256 2136 322 151

1128 477 1219 554 X.

212 608 440 685 [Lucili
451 656 472 692 ,
517 629 708 692 quam
752 608 838 672 sis
882 608 1223 673 mendosus
1298 611 1461 674 teste
1505 608 1748 675 Catone

207 680 563 772 Defensore
606 696 716 756 tuo
760 693 1123 775 perv-ineam
1200 658 1309 776 q’ui
1351 687 1517 758 male
1559 694 1763 758 factos

206 775 567 841 Emendare
608 779 795 859 parat
836 797 1052 841 versus
1065 825 1084 860 ,
1129 742 1253 842 lmc
1297 778 1502 841 lenius
1546 778 1684 859 ille,

208 860 348 935 Quo
393 860 621 923 melior
663 860 760 924 vir
804 862 869 923 et
911 862 1009 925 est
1050 861 1243 946 longe
1287 862 1581 926 subtilior
1623 861 1766 943 illo,

208 943 329 1019 Qui
374 943 645 1007 multum
687 965 955 1027 puerum
998 945 1063 1008 et
1104 945 1257 1009 loris
1304 948 1369 1010 et
1409 945 1667 1010 funibus
1710 944 1852 1009 udis
2104 957 2137 1007 5

205 1026 629 1111 ExhortatuS,
673 1030 746 1091 ut
789 1030 958 1092 esset
1000 1048 1188 1112 opem
1274 1029 1342 1092 ui
1384 1029 1550 1093 ferre
1592 1028 1800 1112 poetis

205 1110 511 1194 Antiquis
551 1113 776 1209 posset
817 1114 1040 1176 contra
1083 1112 1233 1176 fasti
1284 1113 1343 1176 'a
1383 1115 1633 1196 nostra,

208 1193 785 1259 Grammatlcorum
816 1195 1099 1279 equitum
1144 1196 1567 1344 doctissinhus.
1610 1193 1733 1366 ]Vt
1754 1195 2007 1260 redeam

1423 1302 1447 1344 1
1497 1302 1607 1345 uc:

205 1430 455 1514 Nempe
499 1431 905 1513 inconposito
951 1430 1082 1495 dixi
1124 1431 1285 1515 pede
1330 1453 1578 1497 currere
1622 1453 1841 1497 versus

204 1514 430 1579 Lucili.
522 1514 675 1590 Quis
719 1517 853 1579 tam
895 1514 1099 1579 Lucili
1142 1516 1354 1580 fautor
1394 1516 1701 1599 ineptest‚

203 1598 295 1663 Vt
335 1619 473 1662 non
512 1598 635 1664 hoc
680 1598 996 1663 fateatur?
1055 1599 1149 1662 At
1188 1599 1387 1683 idem,
1433 1599 1602 1683 quod
1646 1600 1777 1664 sale
1804 1599 2007 1664 multo

202 1681 447 1747 Vrbem
491 1682 815 1766 defricuit,
862 1682 1080 1747 charta
1121 1683 1414 1748 laudatur
1458 1683 1695 1748 eadem.

203 1765 342 1832 Nec
373 1769 619 1850 tamen,
658 1765 781 1832 hoc
809 1767 1124 1851 tribuens,
1169 1766 1449 1832 dederim
1488 1787 1736 1864 quoque
1766 1769 2003 1833 cetera:
2100 1777 2132 1829 5

741 1907 748 1912 .
1420 1872 1573 1915 nam
1617 1870 1708 1916 sic

203 1934 290 1998 Et
331 1934 566 1999 Laberi
609 1935 871 2020 mimos,
916 1938 991 2000 ut
1030 1934 1298 2019 pulchra
1339 1938 1666 2019 poemata,
1710 1935 1920 1999 mirer.

202 2018 380 2105 Ergo
426 2041 561 2083 non
604 2019 758 2084 satis
804 2021 929 2104 est,
973 2019 1108 2085 risu
1150 2019 1444 2085 diducere
1486 2020 1719 2085 rictum

203 2103 566 2189 Auditoris;
593 2107 657 2169 et
685 2107 785 2169 est
807 2104 1115 2187 quaedam
1136 2107 1354 2170 tamen
1374 2104 1480 2170 hic
1504 2126 1752 2189 quoque
1775 2105 2004 2189 virtus3

202 2188 323 2253 Est
367 2187 679 2253 brevitate
723 2209 881 2272 opus
892 2236 911 2271 ,
955 2191 1029 2253 ut
1071 2191 1283 2254 currat
1326 2189 1642 2254 sententia
1684 2211 1811 2254 neu
1854 2209 1922 2254 se

203 2271 504 2356 Inpediat
546 2272 755 2337 verbis
800 2273 1001 2336 lassas
1046 2273 1457 2338 onerantibus
1503 2295 1686 2338 aures
1697 2323 1717 2358 ‚
2069 2284 2134 2334 m

202 2356 289 2420 Et
331 2376 629 2420 sermone
673 2377 832 2440 opus
878 2359 976 2421 est
1016 2356 1208 2421 modo
1251 2358 1451 2442 tristi,
1497 2379 1684 2442 saepe
1726 2358 1976 2440 iocosQ

203 2439 606 2505 Defendente
648 2441 854 2506 vicem
896 2440 1087 2505 modo
1130 2441 1403 2507 rhetoris
1447 2445 1635 2525 atque
1677 2444 1934 2525 poetae,

201 2524 535 2589 Interdum
586 2525 830 2589 urbane
880 2525 1200 2608 parcentis
1242 2526 1483 2591 viribus
1529 2529 1716 2609 atque

201 2607 631 2672 Extenuantis
676 2630 782 2673 eas
828 2610 1140 2674 consulto.
1226 2608 1592 2673 Ridiculum
1642 2609 1772 2673 acri

200 2692 460 2757 Fortius
504 2696 569 2757 et
608 2693 837 2758 melius
878 2714 1144 2778 magnas
1233 2692 1559 2776 lorumque
1602 2694 1775 2756 secat
1814 2712 1935 2756 res.
2069 2704 2129 2755 15

198 2776 305 2840 Illi
315 2826 335 2860 ‚
385 2776 625 2860 scripta
708 2776 895 2842 uibus
940 2797 1158 2842 comoe
1210 2777 1267 2839 'a
1309 2777 1519 2860 prisca
1560 2776 1711 2841 viris
1757 2778 1885 2858 est,

199 2859 344 2925 Hoc
367 2860 643 2944 stabant,
667 2798 799 2925 {oc
822 2863 972 2924 sunt
995 2860 1318 2945 imitandi3
1344 2880 1502 2943 quos
1518 2880 1723 2943 neque
1740 2859 2005 2942 pulcher

198 2943 646 3029 Hermogenes
691 2965 990 3027 umquam
1032 2945 1091 3009 le
1145 2944 1220 3024 ·t,
1267 2964 1472 3027 neque
1518 2944 1739 3008 simius
1782 2943 1903 3007 iste

199 3027 313 3093 Nil
356 3031 612 3112 praeter
656 3027 923 3094 Calvum
968 3031 1033 3092 et
1118 3031 1299 3091 octus
1346 3030 1601 3093 cantare
1649 3026 1989 3093 Catullum.

202 3114 317 3176 ‘At
359 3134 670 3197 magnum
711 3113 865 3177 fecit
876 3161 894 3196 ,
941 3111 1110 3195 quod
1151 3111 1361 3176 verbis
1407 3111 1650 3177 Graeca
1690 3111 1938 3176 Latinis
2066 3124 2134 3174 20

199 3195 512 3260 Miscuit?
603 3196 656 3261 Ο
703 3196 827 3260 seri
871 3196 1252 3279 studiorum,
1300 3196 1490 3278 quine
1532 3195 1771 3279 putetis

125 3305 134 3311 ·
200 3279 484 3345 Difficile
530 3283 595 3344 et
635 3280 867 3344 mirum
877 3328 897 3363 ‚
941 3279 1195 3343 Rhodio
1242 3280 1411 3363 quod
1453 3279 1849 3344 Pitholeonti

202 3363 539 3449 Contigit?
610 3365 724 3428 ‘At
766 3378 972 3428 sermo
1018 3364 1243 3448 lingua
1286 3364 1636 3427 concinnus
1678 3366 1943 3446 utraque

204 3447 499 3532 suavior,
543 3450 619 3512 ut
662 3446 823 3513 Chio
867 3450 1024 3511 nota
1067 3448 1122 3511 si
1167 3447 1489 3511 conmixta
1529 3447 1891 3512 Falernist.'

208 3531 363 3596 Cum
392 3553 611 3597 versus
642 3532 870 3616 facias,
902 3535 966 3596 te
996 3532 1206 3616 ipsum
1234 3534 1605 3616 percontor,
1652 3553 1736 3595 an
1765 3536 1832 3596 et
1860 3553 2005 3597 cum
2067 3544 2133 3594 25
