2588 4046
928 938 1004 1002 ο.
1051 937 1462 1003 svn'rolm
1505 936 2045 1018 TRANerLm

813 1088 1067 1168 VITA
1123 1087 1213 1181 Q.
1269 1085 1711 1164 HORATH
1760 1083 2172 1163 FLAOOI.

1394 1305 1593 1322 saeNm

574 1558 583 1565 ,
651 1495 732 1577 Ω.
762 1495 1058 1557 Horatius
1087 1495 1347 1556 Flaccus
1376 1495 1735 1556 Venusinus
1754 1538 1769 1568 ,
1816 1502 2021 1574 patre,
2069 1501 2142 1555 ut
2176 1496 2302 1574 ipse
2328 1502 2424 1553 tra-

527 1582 644 1657 dit,
690 1581 980 1641 libertino
1026 1588 1089 1640 et
1131 1581 1486 1640 auctionum
1531 1587 1835 1653 coactore,
1885 1587 1954 1640 ut
1983 1599 2132 1639 vero
2166 1579 2428 1639 creditum

526 1675 646 1739 est,
691 1664 1154 1726 salsamentario
1171 1708 1186 1736 ,
1244 1663 1410 1723 bello
1454 1663 1848 1742 Philippensi
1892 1665 2129 1724 excitus
2174 1684 2212 1722 a
2250 1662 2424 1722 Marco

524 1751 714 1810 Bruto
771 1751 1136 1828 imPeratore
1189 1747 1477 1808 tribunus
1532 1747 1794 1807 militum
1846 1749 2101 1824 meruit3
2162 1748 2425 1824 victisque

524 1832 797 1912 partibus
814 1876 829 1906 ,
875 1832 1062 1892 venia
1104 1832 1432 1910 impetrata
1459 1831 1756 1910 scriptum
1786 1832 2209 1909 quaestorium
2235 1849 2423 1908 conpa-

524 1918 703 1977 ravit.
749 1937 820 1977 ac
849 1917 1043 1995 primo
1066 1915 1434 1989 Maecenati,
1468 1935 1611 1975 mox
1636 1914 1918 1993 Augusto
1950 1917 2297 1976 insinuatus
2323 1933 2422 1972 non

523 2001 890 2062 mediocrem
931 2001 997 2061 in
1043 1999 1359 2060 amborum
1402 1999 1667 2060 amicitia
1708 1999 1910 2060 locum
1936 2001 2160 2060 tenuit.
2221 1999 2422 2059 Maece-

525 2104 636 2145 nas
683 2093 1063 2164 quantopere
1123 2104 1263 2144 eum
1308 2084 1620 2149 dilexerit.
1678 2085 1826 2144 satis
1870 2092 2133 2145 testatur
2175 2085 2280 2145 illo
2320 2082 2419 2163 epi-

527 2177 891 2248 grammatet

925 2276 988 2326 ni
1022 2280 1078 2327 te
1114 2275 1418 2328 visceribus
1452 2277 1619 2339 meis,
1656 2274 1880 2339 Horati,

927 2342 1054 2408 plus
1086 2343 1195 2394 iam
1228 2342 1425 2407 diligo,
1462 2347 1527 2393 tu
1558 2347 1713 2393 tuum
1749 2342 1986 2394 sodalem

926 2410 1130 2460 Ninnio
1167 2410 1352 2461 videas
1388 2411 1773 2474 strigosiorem.

523 2460 635 2566 sed
688 2503 878 2564 multo
936 2506 1130 2582 magis
1189 2505 1472 2565 extremis
1528 2504 1772 2564 iudiciis
1827 2504 1938 2564 tali
1982 2506 2064 2566 ad
2106 2504 2422 2586 Augustum

524 2589 758 2667 elogio:
807 2588 1063 2648 ‘Horati
1089 2588 1329 2662 Flacci,
1360 2596 1430 2648 ut
1456 2588 1603 2662 mei,
1635 2609 1866 2649 memor
1895 2589 2080 2650 esto'.
2140 2590 2422 2669 Augustus

526 2673 928 2751 epistularum
969 2690 1215 2751 quoque
1259 2672 1528 2732 officium
1570 2671 1817 2747 obtulit,
1863 2681 1931 2733 ut
1958 2673 2076 2733 hoc
2106 2675 2188 2735 ad
2218 2675 2419 2733 Maece-

525 2765 734 2816 natem
761 2756 987 2835 scripto
1017 2756 1321 2835 significat
1354 2761 1523 2816 ‘ante
1553 2756 1687 2834 ipse
1707 2757 2084 2817 sufficiebam
2113 2756 2421 2818 scribendis

526 2839 806 2919 epistulis
861 2840 1218 2901 amicorum:
1290 2860 1456 2900 nunc
1516 2841 2010 2919 occupatissimus
2067 2850 2131 2902 et
2182 2843 2420 2901 infirmus

523 2924 851 2983 Horatium
880 2932 1154 2983 nostrum
1192 2944 1230 2984 a
1258 2933 1321 2985 te
1356 2925 1533 3003 cupio
1576 2923 1903 2985 abducere.
1960 2926 2171 2985 veniet
2200 2946 2335 3005 ergo
2362 2921 2419 2983 ab

524 3009 642 3067 ista
684 3008 1013 3087 parasitica
1057 3028 1268 3068 mensa
1313 3008 1393 3068 ad
1434 3008 1600 3070 hanc
1642 3010 1902 3088 regiam,
1951 3017 2012 3069 et
2055 3029 2168 3069 nos
2212 3012 2277 3069 in
2317 3007 2421 3087 epi·

524 3092 699 3151 stulis
743 3090 1086 3152 scribendis
1143 3092 1521 3153 adiuvabit'.
1593 3113 1664 3153 ac
1707 3113 1788 3154 ne
1840 3095 2151 3153 recusanti
2205 3092 2420 3173 quidem

525 3183 630 3233 aut
672 3176 1023 3235 succensuit
1066 3176 1395 3256 quicquam
1438 3184 1545 3237 aut
1588 3178 1914 3238 amicitiam
1956 3197 2131 3237 suam
2172 3179 2421 3257 ingerere

526 3258 728 3318 desiit.
802 3266 1045 3318 exstant
1099 3260 1429 3339 epistulae,
1500 3280 1533 3320 e
1577 3261 1800 3339 quibus
1856 3263 2203 3341 argumenti
2256 3260 2418 3341 gratia

522 3361 720 3420 pauca
748 3341 1010 3403 subieci:
1056 3342 1262 3403 ‘sume
1307 3344 1422 3404 tibi
1465 3344 1703 3423 aliquid
1747 3346 1896 3405 iuris
1941 3345 2111 3425 apud
2140 3364 2254 3421 me,
2297 3354 2416 3405 tam-

520 3444 709 3504 quam
747 3427 804 3486 si
849 3427 1163 3486 convictor
1205 3427 1358 3488 mihi
1404 3428 1623 3506 fueris;
1668 3437 1834 3490 recte
1879 3431 2044 3489 enim
2089 3438 2153 3491 et
2194 3450 2314 3490 non
2351 3435 2413 3485 te·
2511 3451 2512 3460 ¹
