2588 4046
159 255 255 328 ¹10]

914 253 1130 309 LIBER
1170 254 1296 310 1111.

415 416 561 483 Sive
635 437 795 500 quos
839 415 1000 481 Elea
1042 417 1300 480 domum
1342 414 1589 481 reducit

410 500 634 566 Palma
676 501 979 566 caelestes
1021 500 1386 584 pugilemve
1429 520 1737 583 equumve

410 584 589 651 Dicit
629 587 695 649 et
738 587 994 649 centum
1035 585 1284 669 potiore
1330 583 1535 669 signis

505 669 771 734 Munere
815 667 1042 753 donat,

409 837 643 902 Flebili
687 858 963 921 sponsae
1005 837 1378 902 iuvenemve
1421 839 1672 920 raptum

408 921 632 987 Plorat
674 923 740 987 et
780 921 947 986 vires
991 921 1397 1003 animumque
1440 941 1773 1003 moresque

409 1006 660 1071 Aureos
707 1005 919 1070 educit
960 1004 1031 1069 in
1073 1008 1244 1069 astra
1286 1005 1600 1090 nigroque

504 1089 757 1154 Invidet
801 1088 989 1154 Orco·

405 1257 616 1322 Multa
657 1256 997 1322 Dircaeum
1041 1258 1210 1322 levat
1252 1277 1405 1322 aura
1448 1277 1746 1342 cycnum,

406 1341 674 1425 Tendit,
719 1341 997 1425 Antoni,
1043 1341 1339 1425 quotiens
1383 1341 1454 1406 in
1498 1342 1662 1405 altos

406 1424 696 1492 Nubium
740 1428 998 1490 tractus.
1085 1424 1230 1510 Ego
1275 1425 1414 1509 apis
1458 1425 1741 1490 Matinae

502 1509 686 1574 More
727 1509 1044 1591 modoque

411 1660 611 1726 Grata
654 1660 973 1745 carpentis
1016 1660 1238 1743 thyma
1278 1682 1396 1745 per
1437 1660 1721 1725 laborem

408 1744 765 1811 Plurimum
810 1745 978 1808 circa
1019 1766 1244 1809 nemus
1288 1744 1586 1828 uvidique

406 1828 664 1894 Tiburis
707 1829 878 1912 ripas
923 1849 1191 1912 operosa
1231 1849 1466 1913 parvus

501 1912 803 1979 Carmina
845 1912 1040 1997 fingo.

407 2065 726 2131 Concines
769 2065 1008 2129 maiore
1051 2067 1241 2148 poeta
1281 2066 1526 2149 plectro

409 2147 777 2231 Caesarem?
822 2148 1200 2233 quandoque
1242 2148 1455 2214 trahet
1496 2148 1740 2215 feroces

405 2232 530 2298 Per
573 2254 824 2298 sacrum
867 2233 1099 2298 clivum
1140 2233 1370 2298 merita
1413 2233 1678 2298 decorus

500 2317 755 2382 Fronde
800 2315 1218 2403 Sygambros3

408 2468 547 2545 Quo
591 2467 758 2532 nihil
801 2468 1005 2533 maius
1049 2468 1355 2534 meliusve
1397 2469 1583 2533 terris

409 2552 567 2617 Fata
610 2552 923 2617 donavere
967 2552 1246 2650 bonique
1291 2552 1422 2617 divi

406 2634 543 2702 Nec
590 2636 860 2721 dabunt,
905 2657 1194 2734 quamvls
1236 2636 1503 2701 redeant
1545 2636 1613 2700 in
1658 2657 1878 2702 aurum

498 2719 816 2803 Tempora
855 2742 1154 2805 pr1scum.

411 2870 727 2936 Goncines
771 2872 1098 2955 laetosque
1143 2872 1279 2936 dies
1324 2874 1389 2936 et
1431 2870 1622 2937 Vrbis

410 2953 743 3020 Publicum
785 2956 1004 3021 ludum
1049 2977 1238 3040 super
1280 2956 1600 3040 inpetrato

412 3037 621 3103 Fortis
664 3039 942 3125 Augusti
985 3040 1195 3105 reditu
1235 3039 1570 3123 forumque

501 3122 751 3188 Litibus
795 3123 1040 3188 orbum.

414 3270 572 3338 Tum
614 3295 823 3357 meae,
867 3276 923 3339 si
967 3275 1076 3339 uid
1119 3276 1346 3359 loquor
1386 3273 1796 3359 audiendum,

415 3354 602 3422 Vocis
646 3358 905 3423 accedet
991 3380 1117 3424 ona
1158 3380 1336 3443 pars,
1383 3361 1448 3424 et
1491 3363 1554 3422 ‘o
1587 3357 1699 3423 Sol
1751 3358 1755 3362 Δ

419 3437 707 3525 Pulcher,
755 3463 792 3507 o
837 3442 1205 3509 laudandel’
1264 3464 1489 3508 canam
1530 3445 1785 3527 recepto

464 3622 471 3627 .
503 3522 768 3592 Caesare
812 3525 985 3592 felix.

2008 247 2092 313 85

2023 679 2091 729 20

2021 1267 2087 1320 25

2022 2247 2082 2296 3⁵
