2588 4046
195 251 393 325 nm]

973 252 1188 310 LIBER
1229 254 1330 313 111.

404 431 734 497 Inminens
778 432 968 497 villae
1010 436 1124 496 tua
1164 433 1356 517 pinus
1401 436 1569 517 esto,

407 515 614 590 Quam
655 537 769 601 per
813 520 1070 582 exactos
1115 538 1148 580 e
1196 537 1235 581 o
1280 517 1483 582 laetus
1528 539 1728 583 annos

405 598 623 665 Verris
666 600 993 683 obliquum
1034 622 1136 665 me
1187 601 1402 666 ‘tantis
1447 602 1643 666 ictum

499 682 821 769 Sanguine
865 685 1117 750 donem.

1017 957 1283 1031 XXIII.

408 1084 600 1151 Caelo
646 1087 904 1173 supinas
950 1089 1005 1152 si
1054 1088 1275 1152 tuleris
1321 1109 1546 1153 manus

405 1170 469 1236 N
472 1173 727 1236 ascente
798 1175 982 1255 luna,
1029 1173 1266 1236 rustica
1308 1171 1604 1258 Phidyle,

500 1254 568 1320 Si
609 1258 748 1319 ture
790 1255 1061 1339 placaris
1106 1259 1171 1320 et
1210 1255 1417 1320 horna.

597 1338 805 1424 Fruge
849 1339 1043 1405 Lares
1086 1340 1395 1424 avidaque
1438 1362 1660 1425 porca3

403 1473 541 1538 Nec
583 1474 989 1557 pestilentem
1033 1475 1264 1539 sentiet
1307 1475 1595 1540 Africum

402 1556 703 1621 Fecunda
743 1558 892 1622 vitis
934 1579 1053 1624 nec
1099 1559 1380 1623 sterilem
1425 1580 1606 1644 seges

496 1641 880 1726 Robiginem
925 1645 1034 1706 aut
1077 1642 1290 1708 dulces
1337 1642 1576 1708 alumni

596 1725 917 1790 Pomifero
960 1748 1155 1812 grave
1199 1731 1450 1811 tempus
1495 1749 1684 1794 anno,

399 1859 573 1925 Nam
618 1881 778 1943 quae
819 1861 1018 1925 nivali
1067 1861 1349 1944 pascitur
1391 1862 1626 1947 Algido

401 1943 652 2008 Devota
695 1965 959 2028 quercus
1003 1945 1170 2009 inter
1214 1948 1279 2009 et
1321 1946 1497 2010 ilices

337 2060 360 2077 ·
496 2028 628 2092 Aut
671 2029 899 2093 creScit
939 2029 1211 2094 Albanis
1257 2031 1327 2094 in
1368 2030 1582 2096 herbis

596 2111 906 2197 Victima,
949 2114 1323 2197 pontificum
1367 2135 1616 2180 secures

401 2247 663 2313 Cervice
706 2248 988 2334 tinguet:
1042 2252 1108 2313 te
1150 2248 1315 2313 nihil
1359 2251 1588 2314 attinet

399 2330 740 2415 Temptare
783 2334 986 2397 multa
1030 2332 1219 2397 caede
1262 2333 1617 2398 bidentium

497 2415 734 2480 Parvos
778 2420 1193 2482 coronantem
1235 2419 1481 2482 marino

597 2499 764 2565 Rore
808 2501 959 2565 deos
1003 2501 1343 2586 fragilique
1385 2505 1613 2585 myrto,

398 2634 693 2698 Inmunis
738 2656 911 2699 aram
955 2636 1010 2700 si
1043 2636 1166 2700 'teti
1221 2636 1267 2699 ‘t
1310 2658 1533 2701 manus
1543 2685 1563 2720 ,

397 2717 467 2783 N
470 2739 556 2782 on
599 2722 968 2803 sumptuosa
1008 2658 1304 2784 blanffior
1344 2719 1586 2804 hostia,

497 2801 777 2866 Mollivit
817 2823 1072 2868 aversos
1116 2803 1386 2868 Penates

596 2884 789 2951 Farre
833 2888 939 2971 pio
986 2890 1050 2951 et
1092 2888 1360 2955 saliente
1403 2889 1586 2953 mica.

1003 3160 1304 3236 XXIIII.

406 3289 674 3354 Intactis
719 3291 1081 3374 opulentior

500 3372 837 3439 Thesauris
880 3375 1169 3440 Arabum
1214 3379 1279 3441 et
1324 3376 1538 3441 divitis
1583 3378 1803 3449 Indiae

409 3455 770 3523 Gaementis
814 3459 966 3523 licet
1009 3480 1278 3543 occupes

503 3539 846 3607 Terrenum
889 3563 1079 3608 omne
1122 3545 1249 3608 tuis
1280 3551 1345 3609 et
1387 3567 1561 3610 mare
1604 3546 1948 3631 publicum.

2040 252 2121 315 73

2059 1963 2123 2013 10

2055 2434 2117 2484 15

2054 2905 2121 2955 20
