2588 4046
185 257 278 330 11.]
1009 258 1226 315 Lmen
1266 259 1337 317 11.
1989 250 2115 317 225

187 419 402 483 Verba
445 419 618 502 lyrae
663 421 914 484 motura
956 441 1184 485 sonum
1230 423 1560 486 conectere
1604 420 1874 507 digner?

186 503 410 568 Frater
454 507 589 567 erat
629 502 872 568 Romae
918 506 1193 569 consulti
1235 505 1483 589 rhetor,
1527 509 1569 587 †
1588 508 1664 570 ut
1703 506 1862 569 alter

193 587 471 651 Alterius
516 608 807 652 sermone
848 609 1055 653 meros
1099 589 1347 654 audiret
1387 590 1694 673 honores,

187 670 514 736 Gracchus
558 673 631 735 ut
671 671 777 737 hic
819 672 916 736 illi
931 721 948 754 ‚
995 672 1164 738 foret
1204 673 1355 738 huic
1397 678 1469 739 ut
1510 673 1759 739 Mucius
1802 674 1929 737 ille.

186 755 311 830 Qui
353 755 566 818 minus
612 758 873 840 argutos
914 759 1105 821 vexat
1143 757 1321 822 furor
1362 758 1483 822 iste
1571 757 1793 822 oetas?
2048 768 2117 819 90

188 838 489 904 Carmina
532 859 858 923 conpono,
902 839 1009 905 hic
1052 842 1286 926 elegos.
1374 841 1542 905 Mira
1585 842 1670 906 ile
1712 841 1852 906 visu

188 922 643 1006 Caelatumque
662 944 894 988 novem
915 924 1119 989 Musis
1141 931 1332 1008 opus!
1386 925 1666 1008 Adspice
1692 925 1988 1008 primum,

186 1007 442 1082 Quanto
490 1027 633 1071 cum
674 1006 874 1091 fastu,
963 1011 1157 1073 uanto
1201 1009 1531 1074 molimine
1577 1010 1812 1074 circum

187 1091 230 1156 S
276 1094 560 1156 ectemus
604 1112 870 1156 vacuam
974 1093 1221 1157 omanis
1263 1093 1515 1158 vatibus
1560 1093 1809 1177 aedem3

258 1196 341 1239 ox
370 1175 585 1258 etiam,
632 1175 687 1239 si
728 1175 894 1240 forte
936 1197 1144 1260 vacas,
1190 1198 1452 1261 sequere
1483 1179 1549 1242 et
1572 1178 1796 1260 procul
1840 1176 2005 1261 audi,
2050 1187 2116 1239 95

186 1259 355 1334 Quid
397 1258 565 1323 ferat
607 1260 672 1323 et
713 1280 907 1343 quare
951 1260 1076 1325 sibi
1101 1264 1321 1326 nectat
1361 1264 1625 1358 uterque
1668 1280 1988 1326 coronam.

188 1342 531 1409 Caedimur
573 1346 639 1407 et
677 1344 944 1408 totidem
987 1345 1199 1430 plagis
1243 1366 1676 1411 consumimus
1718 1345 1970 1409 hostem

187 1427 392 1492 Lento
439 1426 754 1492 Samnites
797 1428 876 1493 ad
921 1428 1167 1493 lumina
1207 1430 1415 1513 prima
1457 1429 1691 1494 duello.

191 1511 468 1576 Discedo
512 1512 785 1576 Alcaeus
828 1515 1066 1595 puncto
1109 1514 1312 1598 illius3
1357 1514 1467 1578 ille
1510 1534 1652 1578 meo
1698 1513 1883 1597 quis?

188 1595 345 1670 Quis
388 1595 515 1659 nisi
560 1594 1033 1661 Callimachus?
1081 1598 1136 1662 si
1176 1597 1323 1680 plus
1368 1597 1707 1680 adposcere
1748 1597 1952 1682 visus,
2021 1609 2120 1660 100

191 1679 294 1744 Fit
335 1679 755 1744 Mimnermus
800 1682 863 1744 et
908 1681 1125 1764 optivo
1171 1681 1554 1767 cognomine
1599 1681 1847 1745 crescit.

188 1763 416 1828 Multa·
438 1764 573 1828 fero
584 1812 603 1847 ,
647 1765 720 1828 ut
760 1764 1008 1847 placem
1049 1785 1254 1850 genus
1298 1765 1618 1829 imitabile
1660 1768 1909 1849 vatum,

190 1848 354 1914 Cum
400 1848 607 1912 scribo
653 1849 718 1913 et
759 1846 1027 1946 supplex
1068 1849 1291 1932 populi
1334 1849 1637 1934 suffragia
1680 1852 1896 1934 capto;

189 1932 370 1996 Idem
413 1932 611 1996 finitis
656 1931 882 1997 studiis
928 1937 992 1997 et
1033 1936 1247 1997 mente
1288 1936 1546 2016 recepta

191 2017 502 2083 Obturem
543 2017 797 2101 patulas
835 2017 1074 2102 inpune
1118 2016 1479 2104 legentibus
1509 2039 1710 2083 aures,
2023 2029 2118 2081 106

188 2102 504 2167 Ridentur
545 2102 717 2165 mala
758 2102 868 2185 qui
912 2103 1285 2186 conponunt
1329 2103 1634 2187 carmina3
1679 2123 1898 2167 verum

189 2185 493 2251 Gaudent
533 2185 882 2251 scribentes
927 2187 992 2250 et
1035 2207 1102 2250 se
1142 2189 1529 2251 venerantur
1571 2188 1637 2251 et
1677 2187 1845 2250 ultro
1858 2235 1877 2271 ,

191 2270 261 2336 Si
305 2273 515 2334 taceas
531 2318 548 2351 ‚
592 2270 858 2334 laudant
899 2269 1206 2353 quidquid
1249 2271 1559 2354 scripsere
1600 2270 1793 2335 beati.

190 2357 283 2419 At
327 2354 438 2437 qui
480 2354 539 2417 le
592 2353 837 2418 'timum
881 2353 1097 2437 cupiet
1137 2353 1363 2419 fecisse
1405 2374 1665 2438 poema,

190 2438 359 2505 Cum
401 2437 511 2501 tab
586 2438 636 2502 's
678 2438 962 2502 animum
1005 2439 1285 2503 censoris
1330 2440 1540 2503 sumet
1579 2438 1851 2503 honesti.
2024 2450 2124 2501 110

190 2522 503 2605 Audebit,
549 2542 979 2606 quaecumque
1009 2544 1238 2605 parum
1266 2522 1625 2605 splendoris
1668 2521 1997 2586 habebunt

191 2607 282 2672 Et
311 2607 449 2671 sine
491 2606 772 2689 pondere
801 2607 989 2671 erunt
1017 2608 1082 2670 et
1120 2605 1366 2671 honore
1394 2605 1665 2691 indigna
1691 2606 1994 2688 ferentur,

191 2691 409 2755 Verba
451 2710 704 2755 movere
749 2691 892 2755 loco
902 2739 921 2775 ,
967 2690 1255 2773 quamvis
1299 2690 1503 2754 invita
1543 2690 1846 2754 recedant

191 2774 283 2839 Et
324 2776 656 2839 versentur
697 2773 904 2839 adhuc
944 2775 1115 2839 intra
1154 2775 1510 2857 penetralia
1549 2773 1815 2858 Vestae3

191 2858 553 2926 Obscurata
595 2858 703 2923 diu
745 2859 985 2943 populo
1029 2858 1236 2923 bonus
1280 2861 1460 2923 eruet
1500 2861 1689 2942 atque
2026 2869 2122 2921 115

192 2942 488 3008 Proferet
527 2944 598 3006 in
637 2943 846 3007 lucem
889 2942 1177 3027 speciosa
1217 2943 1528 3010 vocabula
1568 2964 1779 3006 rerum
1793 2991 1812 3025 ,

194 3027 371 3102 Quae
414 3026 640 3112 priscis
682 3030 1034 3091 memorata
1077 3024 1429 3091 Catonibus
1474 3029 1665 3110 atque
1696 3025 1994 3111 Cethegis

192 3111 388 3177 Nunc
431 3111 589 3175 situs
631 3110 924 3176 informis
967 3110 1203 3195 premit
1245 3112 1311 3175 et
1351 3111 1604 3176 deserta
1642 3112 1955 3196 vetustas3

195 3195 532 3260 Adsciscet
572 3216 770 3278 nova,
816 3216 977 3279 quae
1019 3195 1271 3280 genitor
1312 3195 1685 3293 produxerit
1724 3216 1897 3260 usus.

193 3278 476 3345 Vemens
519 3282 586 3344 et
625 3279 674 3343 li
717 3279 902 3344 uidus
944 3298 1229 3363 puroque
1273 3280 1636 3345 simillimus
1681 3279 1855 3343 amni
2025 3286 2125 3340 120

195 3363 449 3429 Fundet
490 3383 644 3447 opes
675 3300 1063 3447 'latiumque
1103 3362 1325 3428 beabit
1366 3364 1561 3429 divite
1603 3364 1853 3448 lingua3

196 3447 611 3513 Luxuriantia
654 3451 1022 3532 conpescet,
1066 3446 1258 3511 nimis
1305 3468 1531 3531 aspera
1575 3468 1731 3513 sano

198 3530 464 3597 Levabit
506 3533 710 3617 cultu,
753 3532 986 3597 virtute
1030 3531 1312 3596 carentia
1352 3531 1566 3615 tollet,

296 3633 556 3676 Eoum:-
1756 3635 1819 3684 15
