<?xml version="1.0" encoding="UTF-8"?>
<!DOCTYPE html PUBLIC "-//W3C//DTD XHTML 1.0 Transitional//EN"
    "http://www.w3.org/TR/xhtml1/DTD/xhtml1-transitional.dtd">
<html xmlns="http://www.w3.org/1999/xhtml" xml:lang="en" lang="en">
 <head>
  <title>
</title>
<meta http-equiv="Content-Type" content="text/html;charset=utf-8" />
  <meta name='ocr-system' content='tesseract 3.04.00' />
  <meta name='ocr-capabilities' content='ocr_page ocr_carea ocr_par ocr_line ocrx_word'/>
</head>
<body>
  <div class='ocr_page' id='page_1' title='image "./qvaleriicatulli03catugoog_0426.png"; bbox 0 0 2588 4046; ppageno 0'>
   <div class='ocr_carea' id='block_1_1' title="bbox 457 254 2382 332">
    <p class='ocr_par' dir='ltr' id='par_1_1' title="bbox 457 254 2382 332">
     <span class='ocr_line' id='line_1_1' title="bbox 457 254 2382 332; baseline -0.005 -12"><span class='ocrx_word' id='word_1_1' title='bbox 457 254 576 320; x_wconf 87' lang='lat'><strong>198</strong></span> <span class='ocrx_word' id='word_1_2' title='bbox 1168 259 1681 315; x_wconf 65' lang='lat' dir='ltr'><strong>Ems&#39;rvzuwu</strong></span> <span class='ocrx_word' id='word_1_3' title='bbox 2203 260 2382 332; x_wconf 82' lang='lat' dir='ltr'><strong>[vm.</strong></span> 
     </span>
    </p>
   </div>
   <div class='ocr_carea' id='block_1_2' title="bbox 454 420 2378 1107">
    <p class='ocr_par' dir='ltr' id='par_1_2' title="bbox 577 420 2373 590">
     <span class='ocr_line' id='line_1_2' title="bbox 577 420 2373 507; baseline -0.001 -19"><span class='ocrx_word' id='word_1_4' title='bbox 577 421 691 488; x_wconf 87' lang='lat' dir='ltr'><strong>Nil</strong></span> <span class='ocrx_word' id='word_1_5' title='bbox 720 421 936 487; x_wconf 86' lang='lat' dir='ltr'><strong>audire</strong></span> <span class='ocrx_word' id='word_1_6' title='bbox 966 420 1176 505; x_wconf 80' lang='lat' dir='ltr'><strong>velim,</strong></span> <span class='ocrx_word' id='word_1_7' title='bbox 1219 421 1315 485; x_wconf 87' lang='lat' dir='ltr'><strong>nil</strong></span> <span class='ocrx_word' id='word_1_8' title='bbox 1357 421 1618 506; x_wconf 82' lang='lat' dir='ltr'><strong>discere,</strong></span> <span class='ocrx_word' id='word_1_9' title='bbox 1665 420 1834 505; x_wconf 89' lang='lat' dir='ltr'><strong>quod</strong></span> <span class='ocrx_word' id='word_1_10' title='bbox 1876 422 2044 486; x_wconf 81' lang='lat' dir='ltr'><strong>levet</strong></span> <span class='ocrx_word' id='word_1_11' title='bbox 2073 442 2373 507; x_wconf 81' lang='lat' dir='ltr'><strong>aegrum3</strong></span> 
     </span>
     <span class='ocr_line' id='line_1_3' title="bbox 579 504 1997 590; baseline -0.001 -19"><span class='ocrx_word' id='word_1_12' title='bbox 579 506 753 571; x_wconf 85' lang='lat' dir='ltr'><strong>Fidis</strong></span> <span class='ocrx_word' id='word_1_13' title='bbox 797 505 1084 570; x_wconf 83' lang='lat' dir='ltr'><strong>offendar</strong></span> <span class='ocrx_word' id='word_1_14' title='bbox 1124 504 1419 590; x_wconf 87' lang='lat' dir='ltr'><strong>medicis,</strong></span> <span class='ocrx_word' id='word_1_15' title='bbox 1463 505 1703 570; x_wconf 87' lang='lat' dir='ltr'><strong>irascar</strong></span> <span class='ocrx_word' id='word_1_16' title='bbox 1745 505 1966 570; x_wconf 83' lang='lat' dir='ltr'><strong>amicis</strong></span> <span class='ocrx_word' id='word_1_17' title='bbox 1977 554 1997 589; x_wconf 88' lang='lat'>,</span> 
     </span>
    </p>

    <p class='ocr_par' dir='ltr' id='par_1_3' title="bbox 454 589 2378 1023">
     <span class='ocr_line' id='line_1_4' title="bbox 454 589 2131 674; baseline 0.001 -21"><span class='ocrx_word' id='word_1_18' title='bbox 454 603 520 653; x_wconf 79' lang='grc' dir='ltr'><strong>ιο</strong></span> <span class='ocrx_word' id='word_1_19' title='bbox 584 589 715 656; x_wconf 82' lang='lat' dir='ltr'><strong>Cur</strong></span> <span class='ocrx_word' id='word_1_20' title='bbox 753 611 857 655; x_wconf 91' lang='lat' dir='ltr'><strong>me</strong></span> <span class='ocrx_word' id='word_1_21' title='bbox 899 590 1153 654; x_wconf 85' lang='lat' dir='ltr'><strong>funesto</strong></span> <span class='ocrx_word' id='word_1_22' title='bbox 1195 593 1543 673; x_wconf 77' lang='lat' dir='ltr'>properent</span> <span class='ocrx_word' id='word_1_23' title='bbox 1585 610 1798 654; x_wconf 85' lang='lat' dir='ltr'><strong>arcere</strong></span> <span class='ocrx_word' id='word_1_24' title='bbox 1839 592 2131 674; x_wconf 74' lang='lat' dir='ltr'><strong>veter-1103</strong></span> 
     </span>
     <span class='ocr_line' id='line_1_5' title="bbox 579 673 2378 760; baseline -0.001 -22"><span class='ocrx_word' id='word_1_25' title='bbox 579 674 754 750; x_wconf 84' lang='lat' dir='ltr'><strong>Quae</strong></span> <span class='ocrx_word' id='word_1_26' title='bbox 778 694 1052 738; x_wconf 86' lang='lat' dir='ltr'><strong>nocuere</strong></span> <span class='ocrx_word' id='word_1_27' title='bbox 1074 693 1319 758; x_wconf 85' lang='lat' dir='ltr'><strong>sequar,</strong></span> <span class='ocrx_word' id='word_1_28' title='bbox 1347 673 1595 758; x_wconf 82' lang='lat' dir='ltr'><strong>fugiam</strong></span> <span class='ocrx_word' id='word_1_29' title='bbox 1624 694 1783 757; x_wconf 88' lang='lat' dir='ltr'><strong>quae</strong></span> <span class='ocrx_word' id='word_1_30' title='bbox 1855 673 2069 737; x_wconf 85' lang='lat' dir='ltr'><strong>rofore</strong></span> <span class='ocrx_word' id='word_1_31' title='bbox 2090 673 2378 760; x_wconf 79' lang='lat' dir='ltr'><strong>credam3</strong></span> 
     </span>
     <span class='ocr_line' id='line_1_6' title="bbox 576 756 2305 840; baseline -0.001 -17"><span class='ocrx_word' id='word_1_32' title='bbox 576 757 819 823; x_wconf 81' lang='lat' dir='ltr'><strong>Romae</strong></span> <span class='ocrx_word' id='word_1_33' title='bbox 863 756 1060 821; x_wconf 85' lang='lat' dir='ltr'><strong>Tibur</strong></span> <span class='ocrx_word' id='word_1_34' title='bbox 1103 778 1311 822; x_wconf 90' lang='lat' dir='ltr'><strong>amem</strong></span> <span class='ocrx_word' id='word_1_35' title='bbox 1351 761 1685 840; x_wconf 82' lang='lat' dir='ltr'><strong>ventosus,</strong></span> <span class='ocrx_word' id='word_1_36' title='bbox 1731 756 1809 821; x_wconf 86' lang='lat' dir='ltr'><strong>Ti</strong></span> <span class='ocrx_word' id='word_1_37' title='bbox 1852 778 1965 822; x_wconf 91' lang='lat' dir='ltr'><strong>ure</strong></span> <span class='ocrx_word' id='word_1_38' title='bbox 2008 756 2305 823; x_wconf 80' lang='lat' dir='ltr'><strong>Romam.</strong></span> 
     </span>
     <span class='ocr_line' id='line_1_7' title="bbox 575 841 2377 927; baseline 0.001 -21"><span class='ocrx_word' id='word_1_39' title='bbox 575 841 734 906; x_wconf 86' lang='lat' dir='ltr'><strong>Post</strong></span> <span class='ocrx_word' id='word_1_40' title='bbox 773 841 960 925; x_wconf 86' lang='lat' dir='ltr'><strong>haec,</strong></span> <span class='ocrx_word' id='word_1_41' title='bbox 1004 844 1078 906; x_wconf 90' lang='lat' dir='ltr'><strong>ut</strong></span> <span class='ocrx_word' id='word_1_42' title='bbox 1116 841 1353 924; x_wconf 82' lang='lat' dir='ltr'><strong>valeat,</strong></span> <span class='ocrx_word' id='word_1_43' title='bbox 1399 862 1524 925; x_wconf 89' lang='lat' dir='ltr'><strong>quo</strong></span> <span class='ocrx_word' id='word_1_44' title='bbox 1566 843 1754 925; x_wconf 89' lang='lat' dir='ltr'><strong>pacto</strong></span> <span class='ocrx_word' id='word_1_45' title='bbox 1783 862 1920 905; x_wconf 92' lang='lat' dir='ltr'><strong>rem</strong></span> <span class='ocrx_word' id='word_1_46' title='bbox 1960 843 2149 926; x_wconf 85' lang='lat' dir='ltr'><strong>gerat</strong></span> <span class='ocrx_word' id='word_1_47' title='bbox 2175 844 2243 906; x_wconf 87' lang='lat' dir='ltr'><strong>et</strong></span> <span class='ocrx_word' id='word_1_48' title='bbox 2285 863 2377 927; x_wconf 88' lang='lat' dir='ltr'><strong>se,</strong></span> 
     </span>
     <span class='ocr_line' id='line_1_8' title="bbox 575 924 2246 1023; baseline 0.001 -33"><span class='ocrx_word' id='word_1_49' title='bbox 575 924 669 990; x_wconf 90' lang='lat' dir='ltr'><strong>Vt</strong></span> <span class='ocrx_word' id='word_1_50' title='bbox 754 926 961 990; x_wconf 85' lang='lat' dir='ltr'><strong>laceat</strong></span> <span class='ocrx_word' id='word_1_51' title='bbox 1001 925 1241 1009; x_wconf 83' lang='lat' dir='ltr'><strong>iuveni,</strong></span> <span class='ocrx_word' id='word_1_52' title='bbox 1278 927 1660 1023; x_wconf 67' lang='lat' dir='ltr'><strong>percontare</strong></span> <span class='ocrx_word' id='word_1_53' title='bbox 1735 929 1931 1009; x_wconf 91' lang='lat' dir='ltr'><strong>utque</strong></span> <span class='ocrx_word' id='word_1_54' title='bbox 1975 925 2246 991; x_wconf 76' lang='lat' dir='ltr'><strong>cohorti.</strong></span> 
     </span>
    </p>

    <p class='ocr_par' dir='ltr' id='par_1_4' title="bbox 457 973 2135 1107">
     <span class='ocr_line' id='line_1_9' title="bbox 457 973 2135 1107; baseline 0 -34"><span class='ocrx_word' id='word_1_55' title='bbox 457 1022 516 1073; x_wconf 68' lang='lat' dir='ltr'><strong>us</strong></span> <span class='ocrx_word' id='word_1_56' title='bbox 582 1009 654 1073; x_wconf 89' lang='lat' dir='ltr'><strong>Si</strong></span> <span class='ocrx_word' id='word_1_57' title='bbox 743 1009 862 1073; x_wconf 83' lang='lat' dir='ltr'><strong>&#39;cet</strong></span> <span class='ocrx_word' id='word_1_58' title='bbox 905 1011 1098 1074; x_wconf 75' lang='lat' dir='ltr'><strong>‘recte</strong></span> <span class='ocrx_word' id='word_1_59' title='bbox 1109 1016 1153 1094; x_wconf 77' lang='lat'><strong>‚²</strong></span> <span class='ocrx_word' id='word_1_60' title='bbox 1197 1029 1475 1093; x_wconf 80' lang='lat' dir='ltr'><strong>primum</strong></span> <span class='ocrx_word' id='word_1_61' title='bbox 1517 973 1823 1107; x_wconf 62' lang='lat' dir='ltr'><strong>gaudere,</strong></span> <span class='ocrx_word' id='word_1_62' title='bbox 1866 1007 2135 1073; x_wconf 80' lang='lat' dir='ltr'><strong>subinde</strong></span> 
     </span>
    </p>
   </div>
   <div class='ocr_carea' id='block_1_3' title="bbox 575 1092 2249 1261">
    <p class='ocr_par' dir='ltr' id='par_1_5' title="bbox 575 1092 2249 1261">
     <span class='ocr_line' id='line_1_10' title="bbox 575 1092 2249 1177; baseline 0.001 -20"><span class='ocrx_word' id='word_1_63' title='bbox 575 1093 993 1177; x_wconf 85' lang='lat' dir='ltr'><strong>Praeceptum</strong></span> <span class='ocrx_word' id='word_1_64' title='bbox 1034 1092 1333 1157; x_wconf 80' lang='lat' dir='ltr'><strong>auriculis</strong></span> <span class='ocrx_word' id='word_1_65' title='bbox 1373 1093 1497 1158; x_wconf 92' lang='lat' dir='ltr'><strong>hoc</strong></span> <span class='ocrx_word' id='word_1_66' title='bbox 1538 1093 1851 1157; x_wconf 81' lang='lat' dir='ltr'><strong>instillare</strong></span> <span class='ocrx_word' id='word_1_67' title='bbox 1892 1094 2249 1159; x_wconf 79' lang='lat' dir='ltr'><strong>memento:</strong></span> 
     </span>
     <span class='ocr_line' id='line_1_11' title="bbox 575 1174 2217 1261; baseline 0.001 -20"><span class='ocrx_word' id='word_1_68' title='bbox 575 1175 666 1241; x_wconf 87' lang='lat' dir='ltr'><strong>Vt</strong></span> <span class='ocrx_word' id='word_1_69' title='bbox 705 1179 779 1241; x_wconf 88' lang='lat' dir='ltr'><strong>tu</strong></span> <span class='ocrx_word' id='word_1_70' title='bbox 820 1177 1172 1261; x_wconf 84' lang='lat' dir='ltr'><strong>fortunam,</strong></span> <span class='ocrx_word' id='word_1_71' title='bbox 1218 1177 1312 1242; x_wconf 90' lang='lat' dir='ltr'><strong>sic</strong></span> <span class='ocrx_word' id='word_1_72' title='bbox 1354 1197 1475 1242; x_wconf 90' lang='lat' dir='ltr'><strong>nos</strong></span> <span class='ocrx_word' id='word_1_73' title='bbox 1517 1178 1612 1261; x_wconf 88' lang='lat' dir='ltr'><strong>te,</strong></span> <span class='ocrx_word' id='word_1_74' title='bbox 1659 1174 1843 1243; x_wconf 82' lang='lat' dir='ltr'><strong>Celso</strong></span> <span class='ocrx_word' id='word_1_75' title='bbox 1854 1225 1873 1261; x_wconf 89' lang='lat'>‚</span> <span class='ocrx_word' id='word_1_76' title='bbox 1916 1176 2217 1242; x_wconf 85' lang='lat' dir='ltr'><strong>feremus.</strong></span> 
     </span>
    </p>
   </div>
   <div class='ocr_carea' id='block_1_4' title="bbox 1257 1364 1561 1378">
    <p class='ocr_par' dir='ltr' id='par_1_6' title="bbox 1257 1364 1561 1378">
     <span class='ocr_line' id='line_1_12' title="bbox 1257 1364 1561 1378; baseline 0 0"><span class='ocrx_word' id='word_1_77' title='bbox 1257 1364 1561 1378; x_wconf 95' lang='lat' dir='ltr'><strong> </strong></span> 
     </span>
    </p>
   </div>
   <div class='ocr_carea' id='block_1_5' title="bbox 1290 1550 1522 1625">
    <p class='ocr_par' dir='ltr' id='par_1_7' title="bbox 1290 1550 1522 1625">
     <span class='ocr_line' id='line_1_13' title="bbox 1290 1550 1522 1625; baseline 0 0"><span class='ocrx_word' id='word_1_78' title='bbox 1290 1550 1522 1625; x_wconf 89' lang='lat' dir='ltr'><strong>VIIII.</strong></span> 
     </span>
    </p>
   </div>
   <div class='ocr_carea' id='block_1_6' title="bbox 451 1680 2382 2690">
    <p class='ocr_par' dir='ltr' id='par_1_8' title="bbox 577 1680 2204 1767">
     <span class='ocr_line' id='line_1_14' title="bbox 577 1680 2204 1767; baseline 0 -20"><span class='ocrx_word' id='word_1_79' title='bbox 577 1681 952 1766; x_wconf 81' lang='lat' dir='ltr'><strong>Septimius,</strong></span> <span class='ocrx_word' id='word_1_80' title='bbox 998 1680 1226 1747; x_wconf 73' lang='lat' dir='ltr'><strong>Claudi</strong></span> <span class='ocrx_word' id='word_1_81' title='bbox 1240 1731 1257 1764; x_wconf 89' lang='lat'><em>,</em></span> <span class='ocrx_word' id='word_1_82' title='bbox 1302 1681 1606 1746; x_wconf 83' lang='lat' dir='ltr'><strong>nimirum</strong></span> <span class='ocrx_word' id='word_1_83' title='bbox 1647 1681 1967 1767; x_wconf 88' lang='lat' dir='ltr'><strong>intellegit</strong></span> <span class='ocrx_word' id='word_1_84' title='bbox 2005 1703 2173 1747; x_wconf 82' lang='lat' dir='ltr'><strong>unus</strong></span> <span class='ocrx_word' id='word_1_85' title='bbox 2184 1730 2204 1766; x_wconf 88' lang='lat'>‚</span> 
     </span>
    </p>

    <p class='ocr_par' dir='ltr' id='par_1_9' title="bbox 576 1765 2382 1852">
     <span class='ocr_line' id='line_1_15' title="bbox 576 1765 2382 1852; baseline 0.001 -22"><span class='ocrx_word' id='word_1_86' title='bbox 576 1766 813 1842; x_wconf 75' lang='lat' dir='ltr'><strong>Quanti</strong></span> <span class='ocrx_word' id='word_1_87' title='bbox 853 1787 958 1831; x_wconf 91' lang='lat' dir='ltr'><strong>me</strong></span> <span class='ocrx_word' id='word_1_88' title='bbox 979 1765 1228 1836; x_wconf 80' lang='lat' dir='ltr'><strong>facias:</strong></span> <span class='ocrx_word' id='word_1_89' title='bbox 1271 1787 1426 1830; x_wconf 82' lang='lat' dir='ltr'><strong>nam</strong></span> <span class='ocrx_word' id='word_1_90' title='bbox 1456 1785 1602 1831; x_wconf 93' lang='lat' dir='ltr'><strong>cum</strong></span> <span class='ocrx_word' id='word_1_91' title='bbox 1628 1768 1816 1851; x_wconf 85' lang='lat' dir='ltr'><strong>rogat</strong></span> <span class='ocrx_word' id='word_1_92' title='bbox 1845 1769 1910 1830; x_wconf 90' lang='lat' dir='ltr'><strong>et</strong></span> <span class='ocrx_word' id='word_1_93' title='bbox 1949 1786 2138 1850; x_wconf 87' lang='lat' dir='ltr'><strong>prece</strong></span> <span class='ocrx_word' id='word_1_94' title='bbox 2167 1766 2382 1852; x_wconf 85' lang='lat' dir='ltr'><strong>cogit,</strong></span> 
     </span>
    </p>

    <p class='ocr_par' dir='ltr' id='par_1_10' title="bbox 576 1848 2184 1935">
     <span class='ocr_line' id='line_1_16' title="bbox 576 1848 2184 1935; baseline -0.001 -21"><span class='ocrx_word' id='word_1_95' title='bbox 576 1848 834 1916; x_wconf 76' lang='lat' dir='ltr'><strong>Scilicet</strong></span> <span class='ocrx_word' id='word_1_96' title='bbox 871 1852 947 1915; x_wconf 88' lang='lat' dir='ltr'><strong>ut</strong></span> <span class='ocrx_word' id='word_1_97' title='bbox 986 1849 1107 1914; x_wconf 83' lang='lat' dir='ltr'><strong>tibi</strong></span> <span class='ocrx_word' id='word_1_98' title='bbox 1148 1869 1218 1914; x_wconf 92' lang='lat' dir='ltr'><strong>se</strong></span> <span class='ocrx_word' id='word_1_99' title='bbox 1259 1849 1517 1915; x_wconf 86' lang='lat' dir='ltr'><strong>laudare</strong></span> <span class='ocrx_word' id='word_1_100' title='bbox 1560 1852 1626 1914; x_wconf 89' lang='lat' dir='ltr'><strong>et</strong></span> <span class='ocrx_word' id='word_1_101' title='bbox 1665 1849 1916 1915; x_wconf 80' lang='lat' dir='ltr'><strong>tradere</strong></span> <span class='ocrx_word' id='word_1_102' title='bbox 1958 1870 2184 1935; x_wconf 87' lang='lat' dir='ltr'><strong>coner,</strong></span> 
     </span>
    </p>

    <p class='ocr_par' dir='ltr' id='par_1_11' title="bbox 477 1932 2379 2103">
     <span class='ocr_line' id='line_1_17' title="bbox 575 1932 2379 2032; baseline 0.001 -35"><span class='ocrx_word' id='word_1_103' title='bbox 575 1932 861 2018; x_wconf 83' lang='lat' dir='ltr'><strong>Dignum</strong></span> <span class='ocrx_word' id='word_1_104' title='bbox 882 1937 1095 1998; x_wconf 83' lang='lat' dir='ltr'><strong>mente</strong></span> <span class='ocrx_word' id='word_1_105' title='bbox 1128 1932 1444 2017; x_wconf 88' lang='lat' dir='ltr'><strong>domoque</strong></span> <span class='ocrx_word' id='word_1_106' title='bbox 1480 1933 1754 2032; x_wconf 79' lang='lat' dir='ltr'><strong>legentis</strong></span> <span class='ocrx_word' id='word_1_107' title='bbox 1776 1933 2047 1998; x_wconf 88' lang='lat' dir='ltr'><strong>honesta</strong></span> <span class='ocrx_word' id='word_1_108' title='bbox 2067 1932 2379 2020; x_wconf 82' lang='lat' dir='ltr'><strong>Neronis,</strong></span> 
     </span>
     <span class='ocr_line' id='line_1_18' title="bbox 477 2016 2131 2103; baseline 0.002 -23"><span class='ocrx_word' id='word_1_109' title='bbox 477 2032 510 2080; x_wconf 75' lang='lat'><strong>5</strong></span> <span class='ocrx_word' id='word_1_110' title='bbox 572 2016 837 2084; x_wconf 88' lang='lat' dir='ltr'><strong>Munere</strong></span> <span class='ocrx_word' id='word_1_111' title='bbox 879 2040 1026 2084; x_wconf 91' lang='lat' dir='ltr'><strong>cum</strong></span> <span class='ocrx_word' id='word_1_112' title='bbox 1067 2018 1252 2103; x_wconf 85' lang='lat' dir='ltr'><strong>fungi</strong></span> <span class='ocrx_word' id='word_1_113' title='bbox 1292 2017 1612 2103; x_wconf 76' lang='lat' dir='ltr'><strong>propioris</strong></span> <span class='ocrx_word' id='word_1_114' title='bbox 1657 2019 1874 2083; x_wconf 86' lang='lat' dir='ltr'><strong>censet</strong></span> <span class='ocrx_word' id='word_1_115' title='bbox 1915 2017 2131 2103; x_wconf 88' lang='lat' dir='ltr'><strong>amici,</strong></span> 
     </span>
    </p>

    <p class='ocr_par' dir='ltr' id='par_1_12' title="bbox 574 2101 2221 2187">
     <span class='ocr_line' id='line_1_19' title="bbox 574 2101 2221 2187; baseline 0.001 -21"><span class='ocrx_word' id='word_1_116' title='bbox 574 2101 742 2177; x_wconf 82' lang='lat' dir='ltr'><strong>Quid</strong></span> <span class='ocrx_word' id='word_1_117' title='bbox 784 2104 1026 2187; x_wconf 88' lang='lat' dir='ltr'><strong>possim</strong></span> <span class='ocrx_word' id='word_1_118' title='bbox 1068 2102 1242 2167; x_wconf 86' lang='lat' dir='ltr'><strong>videt</strong></span> <span class='ocrx_word' id='word_1_119' title='bbox 1281 2123 1356 2167; x_wconf 88' lang='lat' dir='ltr'><strong>ac</strong></span> <span class='ocrx_word' id='word_1_120' title='bbox 1398 2102 1580 2167; x_wconf 78' lang='lat' dir='ltr'><strong>novit</strong></span> <span class='ocrx_word' id='word_1_121' title='bbox 1618 2123 1723 2166; x_wconf 91' lang='lat' dir='ltr'><strong>me</strong></span> <span class='ocrx_word' id='word_1_122' title='bbox 1765 2102 2011 2167; x_wconf 76' lang='lat' dir='ltr'><strong>valdius</strong></span> <span class='ocrx_word' id='word_1_123' title='bbox 2052 2103 2221 2186; x_wconf 88' lang='lat' dir='ltr'><strong>ipso.</strong></span> 
     </span>
    </p>

    <p class='ocr_par' dir='ltr' id='par_1_13' title="bbox 573 2185 2133 2271">
     <span class='ocr_line' id='line_1_20' title="bbox 573 2185 2133 2271; baseline 0.001 -21"><span class='ocrx_word' id='word_1_124' title='bbox 573 2186 784 2251; x_wconf 79' lang='lat' dir='ltr'><strong>Multa</strong></span> <span class='ocrx_word' id='word_1_125' title='bbox 826 2186 1082 2270; x_wconf 88' lang='lat' dir='ltr'><strong>quidem</strong></span> <span class='ocrx_word' id='word_1_126' title='bbox 1122 2186 1284 2271; x_wconf 81' lang='lat' dir='ltr'><strong>dixi,</strong></span> <span class='ocrx_word' id='word_1_127' title='bbox 1331 2207 1444 2251; x_wconf 87' lang='lat' dir='ltr'><strong>cur</strong></span> <span class='ocrx_word' id='word_1_128' title='bbox 1485 2189 1817 2251; x_wconf 89' lang='lat' dir='ltr'><strong>excusatus</strong></span> <span class='ocrx_word' id='word_1_129' title='bbox 1863 2185 2133 2271; x_wconf 81' lang='lat' dir='ltr'><strong>abirem3</strong></span> 
     </span>
    </p>

    <p class='ocr_par' dir='ltr' id='par_1_14' title="bbox 574 2268 2189 2354">
     <span class='ocr_line' id='line_1_21' title="bbox 574 2268 2189 2354; baseline 0 -20"><span class='ocrx_word' id='word_1_130' title='bbox 574 2268 699 2334; x_wconf 85' lang='lat' dir='ltr'><strong>Sed</strong></span> <span class='ocrx_word' id='word_1_131' title='bbox 740 2270 957 2354; x_wconf 87' lang='lat' dir='ltr'><strong>timui,</strong></span> <span class='ocrx_word' id='word_1_132' title='bbox 999 2288 1144 2336; x_wconf 88' lang='lat' dir='ltr'><strong>mea</strong></span> <span class='ocrx_word' id='word_1_133' title='bbox 1184 2290 1267 2335; x_wconf 86' lang='lat' dir='ltr'><strong>ne</strong></span> <span class='ocrx_word' id='word_1_134' title='bbox 1309 2270 1569 2334; x_wconf 86' lang='lat' dir='ltr'><strong>finxisse</strong></span> <span class='ocrx_word' id='word_1_135' title='bbox 1610 2270 1863 2335; x_wconf 84' lang='lat' dir='ltr'><strong>minora</strong></span> <span class='ocrx_word' id='word_1_136' title='bbox 1901 2272 2189 2354; x_wconf 86' lang='lat' dir='ltr'><strong>putarer,</strong></span> 
     </span>
    </p>

    <p class='ocr_par' dir='ltr' id='par_1_15' title="bbox 451 2352 2376 2690">
     <span class='ocr_line' id='line_1_22' title="bbox 573 2352 2376 2439; baseline 0.001 -21"><span class='ocrx_word' id='word_1_137' title='bbox 573 2352 1023 2419; x_wconf 83' lang='lat' dir='ltr'><strong>Dissimulator</strong></span> <span class='ocrx_word' id='word_1_138' title='bbox 1065 2354 1206 2439; x_wconf 91' lang='lat' dir='ltr'><strong>opis</strong></span> <span class='ocrx_word' id='word_1_139' title='bbox 1291 2354 1544 2439; x_wconf 85' lang='lat' dir='ltr'><strong>ropriae</strong></span> <span class='ocrx_word' id='word_1_140' title='bbox 1554 2401 1573 2437; x_wconf 87' lang='lat'><em>‚</em></span> <span class='ocrx_word' id='word_1_141' title='bbox 1622 2352 1782 2418; x_wconf 83' lang='lat' dir='ltr'><strong>mihi</strong></span> <span class='ocrx_word' id='word_1_142' title='bbox 1824 2354 2195 2419; x_wconf 89' lang='lat' dir='ltr'><strong>commodus</strong></span> <span class='ocrx_word' id='word_1_143' title='bbox 2241 2356 2376 2420; x_wconf 86' lang='lat' dir='ltr'><strong>uni.</strong></span> 
     </span>
     <span class='ocr_line' id='line_1_23' title="bbox 451 2376 2175 2535; baseline 0.002 -36"><span class='ocrx_word' id='word_1_144' title='bbox 451 2449 517 2499; x_wconf 84' lang='grc' dir='ltr'><strong>ιο</strong></span> <span class='ocrx_word' id='word_1_145' title='bbox 581 2437 687 2502; x_wconf 78' lang='lat' dir='ltr'><strong>Sic</strong></span> <span class='ocrx_word' id='word_1_146' title='bbox 730 2459 851 2535; x_wconf 81' lang='lat' dir='ltr'><strong>ego</strong></span> <span class='ocrx_word' id='word_1_147' title='bbox 863 2487 884 2522; x_wconf 87' lang='lat'><em>‚</em></span> <span class='ocrx_word' id='word_1_148' title='bbox 926 2439 1185 2504; x_wconf 85' lang='lat' dir='ltr'><strong>maioris</strong></span> <span class='ocrx_word' id='word_1_149' title='bbox 1226 2376 1484 2523; x_wconf 43' lang='lat' dir='ltr'><strong>{gisus</strong></span> <span class='ocrx_word' id='word_1_150' title='bbox 1528 2459 1565 2503; x_wconf 94' lang='grc' dir='ltr'>ο</span> <span class='ocrx_word' id='word_1_151' title='bbox 1612 2437 1875 2523; x_wconf 86' lang='lat' dir='ltr'><strong>probria</strong></span> <span class='ocrx_word' id='word_1_152' title='bbox 1916 2438 2143 2522; x_wconf 87' lang='lat' dir='ltr'><strong>culpae</strong></span> <span class='ocrx_word' id='word_1_153' title='bbox 2154 2487 2175 2522; x_wconf 87' lang='lat'><em>‚</em></span> 
     </span>
     <span class='ocr_line' id='line_1_24' title="bbox 573 2520 2292 2606; baseline 0.001 -21"><span class='ocrx_word' id='word_1_154' title='bbox 573 2520 832 2586; x_wconf 80' lang='lat' dir='ltr'><strong>Frontis</strong></span> <span class='ocrx_word' id='word_1_155' title='bbox 874 2523 955 2587; x_wconf 86' lang='lat' dir='ltr'><strong>ad</strong></span> <span class='ocrx_word' id='word_1_156' title='bbox 996 2524 1277 2587; x_wconf 80' lang='lat' dir='ltr'><strong>urbanae</strong></span> <span class='ocrx_word' id='word_1_157' title='bbox 1323 2522 1554 2587; x_wconf 85' lang='lat' dir='ltr'><strong>descen</strong></span> <span class='ocrx_word' id='word_1_158' title='bbox 1601 2522 1614 2535; x_wconf 84' lang='lat'><strong>&#39;</strong></span> <span class='ocrx_word' id='word_1_159' title='bbox 1659 2521 1960 2606; x_wconf 85' lang='lat' dir='ltr'><strong>praemia.</strong></span> <span class='ocrx_word' id='word_1_160' title='bbox 2046 2522 2292 2597; x_wconf 85' lang='lat' dir='ltr'><strong>Quodsi</strong></span> 
     </span>
     <span class='ocr_line' id='line_1_25' title="bbox 573 2604 2173 2690; baseline 0.001 -21"><span class='ocrx_word' id='word_1_161' title='bbox 573 2604 953 2689; x_wconf 84' lang='lat' dir='ltr'><strong>Depositum</strong></span> <span class='ocrx_word' id='word_1_162' title='bbox 994 2606 1215 2671; x_wconf 84' lang='lat' dir='ltr'><strong>laudas</strong></span> <span class='ocrx_word' id='word_1_163' title='bbox 1258 2606 1342 2671; x_wconf 94' lang='lat' dir='ltr'><strong>ob</strong></span> <span class='ocrx_word' id='word_1_164' title='bbox 1386 2606 1576 2671; x_wconf 88' lang='lat' dir='ltr'><strong>amici</strong></span> <span class='ocrx_word' id='word_1_165' title='bbox 1616 2606 1792 2670; x_wconf 84' lang='lat' dir='ltr'><strong>iussa</strong></span> <span class='ocrx_word' id='word_1_166' title='bbox 1832 2605 2173 2690; x_wconf 87' lang='lat' dir='ltr'><strong>pudorem,</strong></span> 
     </span>
    </p>
   </div>
   <div class='ocr_carea' id='block_1_7' title="bbox 573 2688 2372 2776">
    <p class='ocr_par' dir='ltr' id='par_1_16' title="bbox 573 2688 2372 2776">
     <span class='ocr_line' id='line_1_26' title="bbox 573 2688 2372 2776; baseline 0 -21"><span class='ocrx_word' id='word_1_167' title='bbox 573 2688 791 2755; x_wconf 85' lang='lat' dir='ltr'><strong>Scribe</strong></span> <span class='ocrx_word' id='word_1_168' title='bbox 822 2691 915 2756; x_wconf 88' lang='lat' dir='ltr'><strong>tui</strong></span> <span class='ocrx_word' id='word_1_169' title='bbox 943 2692 1159 2776; x_wconf 78' lang='lat' dir='ltr'><strong>gregis</strong></span> <span class='ocrx_word' id='word_1_170' title='bbox 1189 2691 1379 2775; x_wconf 85' lang='lat' dir='ltr'><strong>hunc,</strong></span> <span class='ocrx_word' id='word_1_171' title='bbox 1411 2694 1476 2755; x_wconf 88' lang='lat' dir='ltr'><strong>et</strong></span> <span class='ocrx_word' id='word_1_172' title='bbox 1502 2690 1735 2754; x_wconf 86' lang='lat' dir='ltr'><strong>fortem</strong></span> <span class='ocrx_word' id='word_1_173' title='bbox 1767 2689 1951 2755; x_wconf 86' lang='lat' dir='ltr'><strong>crede</strong></span> <span class='ocrx_word' id='word_1_174' title='bbox 1980 2690 2372 2776; x_wconf 85' lang='lat' dir='ltr'><strong>bonumque.</strong></span> 
     </span>
    </p>
   </div>
   <div class='ocr_carea' id='block_1_8' title="bbox 1255 2894 1560 2907">
    <p class='ocr_par' dir='ltr' id='par_1_17' title="bbox 1255 2894 1560 2907">
     <span class='ocr_line' id='line_1_27' title="bbox 1255 2894 1560 2907; baseline 0 0"><span class='ocrx_word' id='word_1_175' title='bbox 1255 2894 1560 2907; x_wconf 95' lang='lat' dir='ltr'><strong> </strong></span> 
     </span>
    </p>
   </div>
   <div class='ocr_carea' id='block_1_9' title="bbox 1361 3062 1453 3138">
    <p class='ocr_par' dir='ltr' id='par_1_18' title="bbox 1361 3062 1453 3138">
     <span class='ocr_line' id='line_1_28' title="bbox 1361 3062 1453 3138; baseline 0 0"><span class='ocrx_word' id='word_1_176' title='bbox 1361 3062 1453 3138; x_wconf 88' lang='lat' dir='ltr'><strong>X.</strong></span> 
     </span>
    </p>
   </div>
   <div class='ocr_carea' id='block_1_10' title="bbox 472 3192 2290 3614">
    <p class='ocr_par' dir='ltr' id='par_1_19' title="bbox 568 3192 2094 3260">
     <span class='ocr_line' id='line_1_29' title="bbox 568 3192 2094 3260; baseline 0.001 -3"><span class='ocrx_word' id='word_1_177' title='bbox 568 3192 765 3258; x_wconf 86' lang='lat' dir='ltr'><strong>Vrbis</strong></span> <span class='ocrx_word' id='word_1_178' title='bbox 809 3197 1155 3260; x_wconf 76' lang='lat' dir='ltr'><strong>amatorem</strong></span> <span class='ocrx_word' id='word_1_179' title='bbox 1196 3194 1474 3259; x_wconf 86' lang='lat' dir='ltr'><strong>Fuscum</strong></span> <span class='ocrx_word' id='word_1_180' title='bbox 1518 3194 1761 3260; x_wconf 82' lang='lat' dir='ltr'><strong>salvere</strong></span> <span class='ocrx_word' id='word_1_181' title='bbox 1804 3193 2094 3259; x_wconf 90' lang='lat' dir='ltr'><strong>iubemus</strong></span> 
     </span>
    </p>

    <p class='ocr_par' dir='ltr' id='par_1_20' title="bbox 569 3277 1996 3361">
     <span class='ocr_line' id='line_1_30' title="bbox 569 3277 1996 3361; baseline 0.001 -20"><span class='ocrx_word' id='word_1_182' title='bbox 569 3277 761 3341; x_wconf 87' lang='lat' dir='ltr'><strong>Ruris</strong></span> <span class='ocrx_word' id='word_1_183' title='bbox 805 3282 1149 3361; x_wconf 85' lang='lat' dir='ltr'><strong>amatores,</strong></span> <span class='ocrx_word' id='word_1_184' title='bbox 1194 3279 1316 3344; x_wconf 90' lang='lat' dir='ltr'><strong>hac</strong></span> <span class='ocrx_word' id='word_1_185' title='bbox 1357 3279 1428 3343; x_wconf 88' lang='lat' dir='ltr'><strong>in</strong></span> <span class='ocrx_word' id='word_1_186' title='bbox 1469 3299 1539 3344; x_wconf 90' lang='lat' dir='ltr'><strong>re</strong></span> <span class='ocrx_word' id='word_1_187' title='bbox 1582 3278 1826 3343; x_wconf 89' lang='lat' dir='ltr'><strong>scilicet</strong></span> <span class='ocrx_word' id='word_1_188' title='bbox 1866 3299 1996 3343; x_wconf 82' lang='lat' dir='ltr'><strong>una</strong></span> 
     </span>
    </p>

    <p class='ocr_par' dir='ltr' id='par_1_21' title="bbox 570 3361 2163 3447">
     <span class='ocr_line' id='line_1_31' title="bbox 570 3361 2163 3447; baseline 0.001 -23"><span class='ocrx_word' id='word_1_189' title='bbox 570 3361 845 3426; x_wconf 89' lang='lat' dir='ltr'><strong>Multum</strong></span> <span class='ocrx_word' id='word_1_190' title='bbox 888 3363 1258 3447; x_wconf 81' lang='lat' dir='ltr'><strong>dissimiles,</strong></span> <span class='ocrx_word' id='word_1_191' title='bbox 1303 3366 1371 3427; x_wconf 85' lang='lat' dir='ltr'><strong>at</strong></span> <span class='ocrx_word' id='word_1_192' title='bbox 1412 3366 1624 3428; x_wconf 84' lang='lat' dir='ltr'><strong>cetera</strong></span> <span class='ocrx_word' id='word_1_193' title='bbox 1663 3383 1865 3447; x_wconf 86' lang='lat' dir='ltr'><strong>paene</strong></span> <span class='ocrx_word' id='word_1_194' title='bbox 1907 3361 2163 3447; x_wconf 84' lang='lat' dir='ltr'><strong>gemelli</strong></span> 
     </span>
    </p>

    <p class='ocr_par' dir='ltr' id='par_1_22' title="bbox 472 3443 2290 3614">
     <span class='ocr_line' id='line_1_32' title="bbox 571 3443 2290 3531; baseline 0 -23"><span class='ocrx_word' id='word_1_195' title='bbox 571 3443 895 3510; x_wconf 85' lang='lat' dir='ltr'><strong>Fraternis</strong></span> <span class='ocrx_word' id='word_1_196' title='bbox 939 3447 1195 3525; x_wconf 82' lang='lat' dir='ltr'><strong>animis3</strong></span> <span class='ocrx_word' id='word_1_197' title='bbox 1215 3446 1519 3531; x_wconf 80' lang='lat' dir='ltr'><strong>quidquid</strong></span> <span class='ocrx_word' id='word_1_198' title='bbox 1561 3450 1761 3531; x_wconf 87' lang='lat' dir='ltr'><strong>negat</strong></span> <span class='ocrx_word' id='word_1_199' title='bbox 1802 3446 1983 3528; x_wconf 84' lang='lat' dir='ltr'><strong>alter,</strong></span> <span class='ocrx_word' id='word_1_200' title='bbox 2008 3449 2073 3510; x_wconf 90' lang='lat' dir='ltr'><strong>et</strong></span> <span class='ocrx_word' id='word_1_201' title='bbox 2113 3445 2290 3509; x_wconf 77' lang='lat' dir='ltr'><strong>alter:</strong></span> 
     </span>
     <span class='ocr_line' id='line_1_33' title="bbox 472 3527 2091 3614; baseline 0.004 -26"><span class='ocrx_word' id='word_1_202' title='bbox 472 3538 508 3588; x_wconf 76' lang='lat'><strong>5</strong></span> <span class='ocrx_word' id='word_1_203' title='bbox 570 3527 927 3594; x_wconf 88' lang='lat' dir='ltr'><strong>Adnuimus</strong></span> <span class='ocrx_word' id='word_1_204' title='bbox 969 3531 1211 3614; x_wconf 87' lang='lat' dir='ltr'><strong>pariter</strong></span> <span class='ocrx_word' id='word_1_205' title='bbox 1250 3531 1448 3595; x_wconf 77' lang='lat' dir='ltr'><strong>vetuli</strong></span> <span class='ocrx_word' id='word_1_206' title='bbox 1488 3530 1750 3614; x_wconf 88' lang='lat' dir='ltr'><strong>notique</strong></span> <span class='ocrx_word' id='word_1_207' title='bbox 1795 3530 2091 3595; x_wconf 84' lang='lat' dir='ltr'><strong>columbi.</strong></span> 
     </span>
    </p>
   </div>
  </div>
 </body>
</html>
