2588 4046
491 2135 561 2186 50

492 3106 561 3157 60

1253 232 1647 289 CARMINVM

701 396 925 463 Visam
967 395 1314 460 Britannos
1356 393 1714 479 hospitibus
1758 394 1928 459 feros

703 481 792 545 Et
833 482 1072 545 laetum
1117 479 1346 562 equino
1393 501 1509 543 san
1605 479 1619 492 '
1671 499 1704 543 e
1750 476 2150 565 Concanum3

799 565 1022 630 Visam
1064 563 1463 647 pharetratos
1570 562 1787 626 elonos

897 648 985 712 Et
1027 646 1393 729 Scythicum
1436 646 1777 710 inviolatus
1822 667 2092 710 amnem.

612 828 619 833 ”
705 815 840 880 Vos
888 815 1222 881 Caesarem
1266 814 1495 896 altum,
1539 815 1771 877 militia
1814 814 2002 878 simul

704 899 932 964 Fessas
979 898 1270 964 cohortes
1316 897 1563 962 abdidit
1607 897 1886 982 oppidis,

796 983 1010 1048 Finire
1054 984 1462 1066 quaerentem
1504 981 1754 1045 labores
1768 1029 1788 1064 ,

900 1066 1109 1131 Pierio
1153 1065 1450 1131 recreatis
1495 1067 1697 1129 antro,

704 1233 839 1299 Vos
883 1235 1026 1299 lene
1067 1234 1403 1299 consilium
1449 1236 1514 1297 et
1556 1232 1718 1297 datis
1761 1235 1824 1297 et
1867 1233 2013 1297 dato

707 1317 1039 1401 Gaudetis,
1086 1319 1308 1382 almae.
1397 1316 1643 1382 Scimus
1661 1364 1678 1398 ,
1723 1319 1794 1381 ut
1835 1317 2046 1400 inpios

799 1401 1057 1466 Titanas
1100 1403 1544 1484 inmanemque
1587 1403 1864 1464 turmam

899 1485 1192 1549 Fulmine
1237 1485 1564 1549 sustulerit
1607 1485 1839 1549 caduco
1852 1533 1871 1567 ‚

709 1637 833 1713 Qui
874 1639 1107 1700 terram
1149 1636 1447 1718 inertem,
1494 1636 1602 1719 qui
1644 1657 1817 1699 mare
1859 1637 2183 1717 temperat·

706 1720 1062 1785 Ventosum
1107 1723 1171 1784 et
1211 1721 1400 1785 urbes
1442 1740 1764 1804 regnaque
1808 1718 2046 1802 tristia,

797 1803 1121 1887 Divosque
1164 1803 1591 1886 mortalesque
1634 1803 1852 1867 turbas

899 1886 1175 1970 Imperio
1218 1888 1388 1972 regit
1430 1908 1592 1952 unus
1637 1907 1856 1969 aequo,

706 2039 1016 2124 Magnum
1059 2038 1171 2103 illa
1212 2041 1518 2104 terrorem
1560 2038 1862 2102 intulerat
1902 2035 2040 2102 Iovi

709 2124 941 2187 Fidens
986 2124 1277 2187 iuventus
1321 2122 1578 2187 horrida
1615 2118 1955 2202 bracchiis,

798 2207 1176 2289 Fratresque
1218 2207 1551 2270 tendentes
1596 2226 1632 2269 o
1682 2225 1795 2269 aco

901 2290 1130 2354 Pelion
1174 2290 1531 2374 inposuisse
1580 2287 1632 2353 Ο
1659 2308 1873 2371 ymp0.

707 2441 831 2506 Sed
875 2442 1026 2525 quid
1069 2440 1408 2524 Typhoeus
1454 2442 1518 2504 et
1559 2439 1804 2502 validus
1847 2437 2078 2501 Mimas
2088 2485 2113 2521 ‚

704 2526 840 2589 Aut
883 2525 1034 2621 quid
1077 2525 1313 2589 minaci
1355 2521 1759 2606 Porphyrion
1802 2523 1997 2602 statU,

802 2608 970 2685 de
1012 2606 1296 2672 Rhoetus
1343 2606 1695 2688 evolsisque
1739 2604 1979 2670 truncis

899 2691 1259 2756 Enceladus
1304 2691 1609 2755 iaculator
1653 2689 1859 2752 audax

707 2841 950 2907 Contra
994 2845 1329 2906 sonantem
1371 2840 1651 2905 Palladis
1697 2839 1922 2924 aegida

705 2925 978 2990 Possent
1018 2925 1319 2990 ruentes?
1392 2924 1563 2989 Hinc
1608 2923 1826 2987 avidus
1871 2921 2046 2987 stetit

796 3008 1150 3092 Volcanus,
1194 3009 1346 3073 hinc
1389 3010 1683 3072 matrona
1724 3006 1884 3071 luno
1931 3008 1994 3069 et

877 3093 1240 3176 Numquam
1282 3092 1518 3157 umeris
1560 3091 1883 3175 positurus
1928 3109 2169 3174 arcum,

706 3243 829 3319 Qui
871 3264 1013 3307 rore
1056 3264 1215 3326 puro
1263 3242 1582 3308 Castaliae
1626 3242 1782 3306 lavit

704 3326 929 3393 Orines
974 3327 1245 3409 solutos,
1291 3325 1401 3409 qui
1443 3325 1673 3409 Lyciae
1715 3325 1892 3389 tenet

796 3409 1072 3475 Dumeta
1113 3410 1516 3493 natalemque
1562 3409 1786 3474 silvam
1791 3456 1815 3555 ἰ

895 3492 1119 3558 Delius
1164 3498 1229 3558 et
1268 3494 1572 3558 Patareus
1616 3493 1788 3576 Apol
1815 3512 1853 3555 o

2275 235 2434 311 [IIII.
