2588 4046
519 254 640 319 190
1229 256 1744 354 EPISTVLARvu
2352 251 2446 325 [Π.

638 419 862 506 Fingit
905 441 1135 504 equum
1176 422 1397 484 tenera
1440 419 1711 484 docilem
1755 419 1996 483 cervice
2039 417 2352 503 magister

513 519 578 568 65
639 504 741 569 Ire
784 505 952 569 viam
994 525 1121 588 qua
1160 506 1478 569 monstret
1520 524 1738 587 eques3
1791 502 2149 585 venaticus,
2196 523 2274 565 ex
2320 522 2443 585 quo

638 588 949 672 Tempore
994 587 1314 653 cervinam
1355 588 1590 671 pellem
1633 587 1890 652 latravit
1929 587 2001 650 in
2044 586 2224 669 aula,

638 672 879 737 Militat
918 672 988 736 in
1031 671 1207 736 silvis
1252 671 1514 736 catulus.
1585 669 1776 736 Nunc
1820 670 2048 738 adhibe
2091 690 2254 754 puro

637 756 904 821 Pectore
947 756 1168 838 verba,
1208 776 1399 852 puer,
1441 776 1615 819 nunc
1656 759 1722 819 te
1762 754 2136 819 melioribus
2181 753 2362 819 offer.

639 840 779 916 Quo
824 840 1020 904 semel
1065 842 1163 903 est
1201 839 1449 905 imbuta
1489 860 1711 904 recens
1755 838 2032 903 servabit
2074 837 2342 902 odorem

513 936 580 987 ‘10
643 923 836 989 Testa
880 923 1007 987 diu.
1083 922 1326 999 Quodsi
1370 944 1577 988 cessas
1621 926 1732 987 aut
1773 925 2069 988 strenuus
2114 921 2319 1004 anth,

638 1008 703 1075 N
706 1028 776 1073 ec
819 1007 1069 1072 tardum
1114 1006 1411 1090 opperior
1450 1028 1570 1072 nec
1612 1006 2138 1091 praecedentibus
2183 1006 2380 1071 insto.

637 1512 761 1577 Iuli
804 1511 1023 1594 Flore,
1068 1512 1297 1595 quibus
1340 1516 1653 1577 terrarum
1695 1511 1931 1577 militet
1973 1512 2102 1576 oris

637 1595 939 1663 Claudius
982 1596 1258 1681 Augusti
1300 1596 1661 1682 privignus,
1707 1596 1868 1661 scire
1910 1596 2153 1662 laboro.

636 1680 964 1747 Thracane
1007 1701 1121 1745 vos
1155 1679 1534 1765 Hebrusque
1575 1680 1775 1745 nivali
1818 1679 2120 1763 compede
2166 1679 2443 1763 vinctus,

637 1766 743 1830 An
785 1765 949 1829 freta
989 1764 1229 1831 vicinas
1270 1764 1447 1829 inter-
1483 1764 1800 1830 currentia
1840 1766 2075 1847 turres,

537 1860 570 1911 5
640 1851 766 1913 An
789 1849 1061 1933 pingues
1102 1848 1299 1914 Asiae
1344 1849 1554 1932 campi
1597 1849 1914 1932 collesque
1954 1847 2335 1912 morantur?

636 1932 803 2009 Quid
847 1933 1131 1998 studiosa
1174 1931 1404 1997 cohors
1433 1954 1697 2017 operum
1741 1932 1974 1997 struit?
2016 1931 2142 1997 hoc
2186 1952 2441 2016 quoque

1721 2039 1893 2084 curo·

635 2101 806 2177 Quis*
836 2102 960 2166 sibi
1000 2123 1102 2167 res
1144 2104 1360 2186 gestas
1403 2102 1683 2188 Augusti
1726 2102 2000 2167 scribere
2042 2100 2285 2167 sumit?

630 2184 815 2249 Bella
900 2185 997 2250 uis
1041 2189 1107 2251 et
1147 2207 1337 2270 paces
1391 2186 1658 2272 longum
1700 2186 2000 2251 diffundit
2051 2185 2123 2249 in
2165 2184 2437 2250 aevum?

634 2267 803 2344 Quid
844 2207 1048 2334 ‘istius
1090 2269 1387 2334 Romana
1428 2270 1606 2335 brevi
1647 2273 1948 2335 venturus
1991 2270 2061 2334 in
2104 2268 2266 2333 ora?

509 2366 573 2416 ιο
633 2352 959 2418 Pindarici
1000 2353 1198 2418 fontis
1243 2355 1353 2438 qui
1394 2375 1530 2419 non
1572 2354 1881 2439 expalluit
1919 2353 2216 2436 haustus,

630 2435 944 2501 Fastidire
987 2438 1163 2502 lacus
1207 2439 1274 2502 et
1313 2438 1484 2503 rivos
1529 2458 1719 2503 ausus
1763 2460 1803 2503 a
1849 2441 2037 2503 ertos.

630 2519 722 2585 Vt
762 2521 973 2585 valet?
1018 2524 1092 2585 ut
1131 2521 1425 2586 meminit
1465 2522 1716 2587 nostri?
1855 2522 2141 2587 ’dibusne
2184 2521 2437 2586 Latinis

630 2603 969 2669 Thebanos
1012 2607 1228 2689 aptare
1270 2605 1495 2670 modos
1539 2606 1751 2671 studet
1792 2605 2046 2690 auspice
2089 2604 2311 2689 Musa,

630 2689 740 2752 An
781 2689 1029 2773 tragica
1071 2689 1355 2754 desaevit
1396 2693 1461 2754 et
1502 2690 1889 2775 ampullatur
1931 2691 2001 2755 in
2043 2689 2226 2754 arte?

507 2786 567 2835 15
633 2771 801 2847 Quid
871 2772 1030 2837 mihi
1103 2771 1326 2839 Celsus
1410 2774 1593 2859 agit?
1677 2775 1999 2922 monitusd
2033 2774 2438 2858 multumque

1719 2879 1955 2924 monen
1998 2879 2073 2923 us

627 2941 919 3006 Privatae
962 2945 1036 3006 ut
1077 2946 1343 3025 quaerat
1385 2963 1538 3027 opes
1583 2944 1648 3006 et
1688 2945 1954 3028 tangere
1996 2906 2157 3007 vitbt

630 3024 909 3110 Scripta,
951 3025 1284 3091 Palatinus
1329 3048 1758 3111 quaecumque
1802 3026 2043 3111 recepit
2085 3026 2364 3111 Apollo,

626 3108 693 3175 N
694 3130 728 3173 e
738 3157 758 3192 ‚
803 3110 857 3174 si
900 3110 1067 3174 forte
1111 3131 1255 3175 suas
1299 3111 1639 3195 repetitum
1680 3111 1928 3176 venerit
1969 3110 2125 3174 olim

629 3191 799 3257 Grex
842 3193 1052 3258 avium
1093 3195 1372 3279 plumas,
1416 3198 1671 3260 moveat
1712 3194 2034 3260 cornicula
2072 3194 2279 3258 risum

498 3289 568 3340 20
627 3276 905 3341 Furtivis
948 3277 1187 3342 nudata
1230 3277 1569 3345 coloribus.
1646 3279 1794 3364 Ipse
1879 3278 1992 3343 uid
2034 3277 2278 3343 audes?

627 3360 803 3437 Quae
826 3361 1294 3428 circumvolitas
1407 3362 1420 3376 ⁸
1455 3363 1468 3377 ‘
1525 3363 1792 3447 thyma?
1904 3383 1991 3428 on
2010 3362 2132 3428 tibi
2160 3382 2437 3446 parvum

623 3444 996 3529 Ingenium,
1039 3467 1174 3512 non
1214 3449 1322 3512 inc
1387 3449 1590 3512 tumst
1631 3451 1697 3512 et
1736 3446 2007 3544 turpiter
2048 3445 2324 3511 hirtum:

626 3526 751 3593 Seu
795 3529 1082 3616 linguam
1126 3531 1330 3596 causis
1374 3532 1548 3597 acuis
1594 3553 1704 3597 seu
1748 3530 1949 3596 civica
1990 3530 2130 3596 iura
