2588 4046
455 240 573 306 186
1157 243 1672 300 EP1srvLARVM
2226 305 2234 312 ,
2313 242 2378 315 [1.

576 405 827 488 Restat,
899 409 973 472 ut
1043 405 1145 470 his
1218 426 1338 490 ego
1415 426 1518 469 me
1593 406 1729 488 ipse
1801 426 2020 489 regam
2094 404 2382 487 solerque

1669 490 2018 553 elementis.

577 573 640 638 N
644 595 730 637 on
771 574 980 656 possis
1025 573 1210 638 oculo
1257 575 1566 656 quantum
1610 572 1994 637 contendere
2023 569 2342 654 Lynceus:

577 656 730 722 Non
772 660 987 721 tamen
1031 656 1265 720 idcirco
1311 659 1680 721 contemnas
1725 656 1772 719 li
1818 677 1937 739 pus
1982 654 2283 739 inungui3

452 753 520 802 30
583 740 751 823 Nec,
798 742 948 824 quia
991 740 1284 823 desperes
1330 740 1553 804 invicti
1594 761 1764 804 mem
1808 761 1881 803 ra
1925 738 2266 822 Glyconis,

577 824 640 889 N
643 824 841 889 odosa
885 845 1112 907 corpus
1154 824 1323 888 nolis
1366 822 1703 907 prohibere
1748 822 2075 907 cheragra.

576 907 698 972 Est
740 908 1011 992 quadam
1053 907 1309 1005 prodire
1352 910 1571 991 tenus,
1617 908 1671 971 si
1711 929 1847 971 non
1891 906 2078 970 datur
2120 906 2306 971 ultra.

576 991 808 1056 Fervet
850 992 1118 1056 avaritla
1160 992 1518 1076 miseroque
1563 1013 1641 1056 cu
1685 991 1857 1055 idine
1900 993 2156 1074 pectus:

579 1074 743 1140 Sunt
773 1075 967 1140 verba
996 1078 1060 1139 et
1101 1096 1317 1158 voces,
1365 1075 1590 1159 quibus
1680 1096 1807 1139 unc
1850 1074 2050 1139 lenire
2095 1074 2385 1138 dolorem

451 1171 517 1227 35
580 1158 796 1223 Possis
843 1161 908 1223 et
948 1180 1254 1244 magnam
1297 1159 1504 1224 morbi
1548 1159 1863 1243 deponere
1905 1161 2172 1241 partem.

577 1241 810 1307 Laudis
841 1264 1055 1308 amore
1097 1246 1336 1307 tumes:
1384 1246 1533 1307 sunt
1576 1245 1748 1308 certa
1790 1242 2069 1326 piacula,
2117 1262 2278 1326 quae
2319 1244 2387 1307 te

576 1324 702 1390 Ter
788 1348 899 1390 ure
944 1327 1109 1391 lecto
1199 1329 1458 1391 oterunt
1498 1347 1783 1391 recreare
1826 1325 2065 1390 libello.

575 1408 720 1473 Invi
765 1431 870 1493 us,
913 1411 1135 1475 iracun
1178 1431 1284 1493 us,
1330 1411 1535 1494 iners,
1577 1411 1868 1493 vinosus,
1915 1413 2191 1493 amator,

577 1492 785 1558 Nemo
832 1493 989 1558 adeo
1034 1494 1207 1558 ferus
1253 1497 1381 1577 est,
1426 1497 1500 1557 ut
1540 1514 1673 1558 non
1715 1494 2046 1558 mitescere
2089 1494 2328 1577 possit,

440 1588 520 1638 -40
585 1576 652 1641 Si
696 1576 886 1642 modo
933 1579 1217 1642 culturae
1308 1578 1612 1643 atientem
1657 1577 2016 1642 commodet
2059 1598 2300 1642 aurem.

578 1659 802 1724 Virtus
848 1665 945 1725 est
985 1662 1208 1726 vitium
1248 1600 1321 1726 gi
1367 1683 1471 1725 ere
1516 1664 1582 1725 et
1624 1661 1936 1746 sapientia
1978 1660 2188 1744 prima

580 1743 868 1809 Stultitia
912 1746 1208 1809 caruisse.
1360 1745 1495 1809 ides
1511 1793 1530 1828 ,
1578 1766 1738 1829 quae
1781 1744 2057 1808 maxima
2101 1744 2312 1808 credis

579 1826 742 1892 Esse
773 1829 974 1911 mala,
1021 1829 1318 1914 exiguum
1349 1849 1610 1893 censum
1638 1831 2012 1912 turpemque
2041 1829 2389 1914 repulsam,

579 1910 832 1986 Quanto
880 1912 1119 1976 devites
1164 1912 1362 1976 animi
1407 1912 1757 1996 capitisque
1799 1911 2047 1997 labore3

450 2006 518 2058 45
578 1994 841 2081 Inpiger
887 1998 1202 2061 extremos
1247 1996 1447 2061 curris
1490 1998 1805 2061 mercator
1847 1995 1929 2060 ad
1971 1995 2197 2079 Indos,

575 2079 700 2143 Per
728 2101 900 2144 mare
928 2082 1297 2164 pauperiem
1449 2082 1579 2145 'ens
1593 2129 1612 2163 ,
1656 2102 1773 2164 per
1802 2101 1980 2163 saxa,
2023 2102 2140 2164 per
2167 2081 2392 2166 ignes:

576 2162 677 2227 Ne
722 2183 901 2228 cures
947 2185 1049 2247 ea,
1096 2186 1257 2262 quae
1302 2167 1406 2228 stu
1430 2167 1496 2229 te
1539 2164 1788 2228 miraris
1835 2167 1900 2228 et
1941 2168 2157 2247 optas,

577 2244 838 2311 Discere
884 2250 948 2312 et
991 2247 1208 2313 audire
1254 2251 1320 2312 et
1360 2248 1610 2312 meliori
1654 2247 1905 2325 credere
1948 2269 2083 2312 non
2124 2248 2273 2312 vis?

578 2329 733 2405 Quis
779 2332 1017 2395 circum
1060 2352 1262 2417 pagos
1309 2335 1374 2395 et
1416 2332 1653 2397 circum
1699 2331 1980 2428 compita
2019 2353 2292 2415 pugnax

450 2425 519 2476 5ο
580 2413 821 2500 Magna
864 2417 1153 2480 coronari
1197 2418 1565 2479 contemnat
1608 2415 1930 2498 Olympia,
1977 2416 2080 2479 cui
2122 2437 2308 2501 spes,

579 2496 698 2562 Cui
743 2498 828 2561 sit
872 2499 1160 2563 condicio
1206 2499 1409 2563 dulcis
1455 2500 1592 2563 sine
1634 2498 1893 2582 pulvere
1934 2499 2233 2581 palmae?

575 2581 784 2645 Vilius
829 2585 1227 2667 argentumst
1269 2603 1422 2647 auro
1436 2632 1455 2666 ,
1499 2581 1838 2647 virtutibus
1883 2603 2138 2646 aurum:

580 2664 659 2728 ‘O
706 2666 903 2748 cives,
951 2666 1118 2741 cives
1135 2715 1153 2749 ,
1203 2666 1564 2750 quaerenda
1652 2666 1874 2730 ecunia
1915 2666 2287 2750 primumst3

574 2748 799 2813 Virtus
842 2752 992 2832 post
1018 2756 1366 2835 nummos3'
1411 2750 1568 2814 haec
1632 2771 1790 2814 anus
1820 2770 2104 2814 summus
2139 2750 2221 2815 ab
2251 2751 2390 2815 imo

449 2842 516 2892 55
581 2830 924 2915 Prodocet,
969 2832 1128 2897 haec
1156 2834 1452 2898 recinunt
1478 2834 1736 2898 iuvenes
1781 2833 2019 2898 dictata
2051 2855 2390 2918 senesque.

576 2913 812 3062 {saevo
858 2918 1151 3000 suspensi
1194 2918 1438 2981 loculos
1481 2917 1890 3001 tabulamque
1933 2915 2214 3004 lacert0.]

638 3002 698 3062 st
726 3000 973 3063 animus
1015 3001 1165 3084 tibi,
1211 3004 1362 3065 sunt
1394 3021 1634 3084 mores,
1680 3004 1777 3065 est
1819 3001 2041 3085 lingua
2068 3001 2387 3085 fidesque,

580 3080 703 3146 Sed
749 3083 1230 3168 quadringentis
1274 3106 1386 3149 sex
1430 3105 1497 3148 se
1542 3087 1673 3148 tem
1714 3085 1892 3148 milia
1934 3085 2189 3149 desunt:

575 3164 766 3230 Plebs
811 3167 953 3232 eris.
1041 3168 1133 3231 At
1173 3169 1356 3251 pueri
1398 3168 1466 3232 lu
1510 3170 1687 3233 entes
1731 3175 1866 3232 ‘rex
1910 3169 2056 3232 eris'
2104 3169 2311 3250 aiunt,

450 3261 518 3310 60
582 3247 677 3313 ‘Si
718 3252 889 3314 recte
931 3250 1175 3315 facies?
1261 3251 1389 3316 Hic
1430 3273 1648 3316 murus
1691 3251 1968 3316 aheneus
2012 3254 2177 3317 esto:

576 3332 691 3397 Nil
736 3334 1019 3398 conscire
1064 3335 1186 3398 sibi
1201 3383 1219 3417 ,
1263 3335 1444 3399 nulla
1483 3336 1826 3418 pallescere
1866 3335 2071 3419 culpa.

577 3413 839 3499 Roscia,
888 3417 989 3481 dic
1033 3418 1246 3501 sodes,
1292 3418 1519 3483 melior
1562 3420 1664 3483 lex
1706 3439 1790 3483 an
1830 3421 2227 3502 puerorumst

577 3497 642 3564 N
645 3500 815 3581 enia,
865 3520 1022 3583 quae
1067 3522 1337 3586 regnum
1378 3506 1551 3568 recte
1593 3502 1975 3567 facientibus
2020 3503 2224 3584 offert,
