2588 4046
519 224 646 292 238
1218 227 1732 285 nmsrvmnvm
2331 223 2454 298 [111.

647 391 739 457 Vt
780 390 1054 488 scriptor
1095 389 1152 455 si
1193 392 1418 474 peccat
1458 389 1628 455 idem
1672 388 1966 454 librarius
2007 408 2242 471 usque,

521 489 620 541 855
651 476 950 552 Quamvis
983 477 1079 540 est
1120 475 1433 557 monitus,
1476 474 1666 539 venia
1694 476 1894 558 caret3
1940 476 2013 538 ut
2046 471 2452 537 citharoedus

555 612 560 615 .
648 559 942 642 Ridetur,
988 559 1226 624 chorda
1269 559 1380 642 qui
1423 579 1673 642 semper
1715 558 1973 622 oberrat
2014 557 2271 621 eadem:

647 643 752 710 Sic
794 643 983 727 mihi,
1028 642 1137 727 qui
1179 643 1454 708 multum
1497 645 1732 726 cessat,
1776 642 1848 707 fit
1889 641 2227 707 Choerilus
2271 640 2412 724 ille,

646 728 849 804 Quem
891 728 989 793 bis
1032 730 1207 792 terve
1249 726 1490 791 bonum
1534 747 1678 791 cum
1722 726 1854 790 risu
1896 726 2123 808 miror,
2174 727 2241 789 et
2284 723 2453 791 idem

643 813 955 898 Indignor
998 811 1375 895 quandoque
1417 810 1624 887 bonus
1669 810 1972 875 dormitat
2012 808 2355 874 Homerus,

520 910 623 962 860
649 896 888 961 Verum
932 896 1126 981 operi·
1153 896 1352 981 longo
1397 894 1494 959 fas
1538 897 1637 960 est
1679 895 1982 978 obrepere
2026 914 2345 958 somnum.

642 981 734 1046 Vt
774 981 1023 1064 pictura
1065 979 1307 1065 poesis:
1353 979 1473 1043 erit
1516 1000 1705 1062 quae,
1750 979 1803 1044 si
1844 978 2109 1076 propius
2153 980 2286 1042 stes
2294 1027 2315 1061 ,

643 1065 735 1129 Te
778 1065 988 1148 capiat
1028 1064 1265 1148 magis,
1307 1066 1372 1127 et
1414 1085 1595 1147 quae,
1640 1064 1770 1128 iam
1817 1084 1872 1127 s1
1915 1063 1979 1126 lo
2081 1061 2175 1125 ‘us
2220 1061 2450 1127 abstes.

643 1149 820 1214 Haec
865 1151 1039 1212 amat
1071 1148 1441 1224 obscurum3
1485 1148 1660 1212 volet
1700 1150 1858 1212 haec
1887 1146 2003 1211 sub
2072 1167 2190 1211 uce
2227 1145 2449 1229 videri,

642 1232 880 1298 Iudicis
923 1234 1220 1317 argutum
1263 1253 1426 1316 quae
1468 1252 1597 1296 non
1642 1229 1947 1295 formidat
1987 1251 2287 1315 acumen;

517 1330 616 1383 866
644 1318 822 1382 Haec
853 1316 1101 1413 placuit
1140 1317 1368 1400 semel,
1412 1315 1570 1381 haec
1600 1315 1807 1380 decies
1835 1315 2107 1399 repetita
2146 1313 2447 1398 placebit.

644 1401 698 1467 Ο
742 1422 945 1465 maior
987 1400 1316 1484 iuvenum,
1362 1400 1650 1484 quamvis
1696 1401 1760 1464 et
1800 1419 1955 1464 voce
1995 1401 2270 1482 paterna

642 1486 765 1551 Fin
813 1484 936 1550 eris
966 1484 1048 1548 ad
1074 1488 1318 1551 rectum
1349 1487 1413 1549 et
1439 1506 1553 1568 per
1580 1486 1645 1548 te
1671 1484 1873 1567 sapis,
1902 1481 2027 1547 hoc
2055 1482 2177 1546 tibi
2206 1482 2448 1548 dictum

641 1507 823 1634 Tolfie
864 1590 1136 1653 memor,
1183 1568 1372 1635 certis
1415 1568 1693 1633 medium
1733 1570 1798 1633 et
1838 1566 2171 1632 tolerabile
2213 1566 2406 1631 rebus

641 1654 838 1719 Recte
883 1653 1175 1719 concedi:
1220 1654 1548 1718 consultus
1591 1651 1747 1716 iuris
1793 1654 1858 1716 et
1899 1653 2077 1716 actor

519 1752 618 1802 370
646 1737 994 1804 Causarum
1037 1737 1375 1802 mediocris
1419 1736 1601 1802 abest
1642 1736 1875 1801 virtute
1918 1735 2139 1800 diserti

640 1822 1009 1906 Messallae,
1053 1842 1172 1887 nec
1215 1822 1340 1887 scit
1381 1824 1688 1905 quantum
1728 1819 2076 1886 Cascellius
2122 1820 2362 1903 AuluS,

643 1906 768 1972 Sed
808 1910 1024 1971 tamen
1065 1905 1136 1970 in
1177 1906 1475 1990 pretiost3
1520 1904 1945 1970 mediocribus
1988 1925 2129 1968 esse
2218 1904 2383 1968 oetis

640 1990 792 2058 Non
832 1990 1152 2074 homines,
1196 2011 1331 2055 non
1375 1989 1470 2074 di,
1515 2010 1649 2055 non
1678 2009 2047 2055 concessere
2087 2009 2163 2054 co
2192 2009 2443 2054 umnae.

639 2076 732 2141 Vt
771 2078 988 2160 gratas
1030 2076 1199 2140 inter
1238 2095 1494 2139 mensas
1537 2096 1568 2139 s
1678 2073 1918 2157 phonia
1961 2073 2205 2138 discors

515 2173 614 2224 875
642 2159 730 2224 Et
751 2181 1034 2225 crassum
1053 2162 1453 2244 unguentum
1482 2162 1547 2224 et
1568 2096 1768 2224 ἔὲἳᾶο
1792 2179 1937 2224 cum
1957 2158 2147 2222 melle
2167 2178 2446 2241 papaver

642 2243 1019 2328 Offendunt,
1062 2246 1316 2328 poterat
1355 2243 1499 2308 duci
1543 2243 1693 2326 quia
1736 2263 1892 2308 cena
1933 2242 2072 2307 sine
2114 2242 2290 2307 istis:

642 2327 747 2393 Sic
790 2328 1022 2393 animis
1065 2331 1287 2392 natum
1328 2328 1785 2411 inventumque
1836 2347 2067 2411 poema
2119 2325 2444 2410 iuvandis,

640 2411 709 2477 Si
798 2412 1036 2477 aullum
1080 2432 1336 2486 summo
1373 2411 1676 2494 decessit,
1719 2410 1928 2495 vergit
1970 2410 2051 2474 ad
2093 2410 2313 2475 imum.

639 2434 883 2561 Lutfere
926 2497 1036 2580 qui
1076 2497 1312 2580 nescit,
1359 2494 1818 2580 campestribus
1851 2494 2132 2560 abstinet
2174 2495 2404 2578 armis,

513 2592 614 2645 880
641 2580 1068 2664 Indoctusque
1104 2580 1280 2676 pilae
1324 2579 1559 2645 discive
1602 2578 1888 2644 trochive
1932 2578 2230 2662 quiescit,

637 2663 739 2729 Ne
784 2664 1025 2747 spissae
1067 2685 1267 2729 nsum
1309 2664 1543 2729 tollant
1585 2664 1651 2728 in
1700 2684 1824 2728 une
1870 2683 2174 2728 coronae:

639 2747 764 2824 Qui
804 2748 1011 2813 nescit
1050 2769 1269 2813 versus
1312 2750 1531 2813 tamen
1572 2769 1653 2814 au
1698 2750 1762 2812 et
1803 2745 2087 2832 fingere?
2157 2746 2443 2823 Quidni?

637 2831 827 2896 Liber
869 2834 935 2897 et
975 2832 1322 2916 ingenuus,
1365 2831 1742 2916 praesertim
1785 2852 2011 2898 census
2056 2834 2418 2914 equestrem

637 2915 965 2981 Summam
1006 2937 1444 3000 nummorum,
1487 2916 1769 3001 vitioque
1801 2917 2084 2981 remotus
2130 2915 2213 2980 ab
2244 2915 2441 2980 omni.
2489 2961 2502 2972 ·

509 3011 610 3063 885
640 2998 738 3065 'ru
779 3000 945 3065 nihil
987 2998 1187 3065 invita
1229 3000 1403 3065 dices
1445 3001 1720 3066 faciesve
1763 2999 2081 3083 Minerva,

637 3083 712 3148 Id
754 3084 875 3149 tibi
918 3083 1312 3168 iudiciumst,
1366 3104 1442 3149 ea
1484 3105 1694 3149 mens·
1757 3083 1967 3167 siquid
2020 3085 2241 3148 tamen
2284 3084 2442 3150 olim

637 3167 977 3253 Scripseris
988 3216 1008 3252 ,
1058 3168 1129 3233 in
1171 3168 1378 3233 Maeci
1421 3134 1762 3233 descendat
1801 3166 2028 3232 iudicis
2071 3188 2257 3232 aures

634 3251 724 3317 Et
744 3253 944 3336 patris
964 3255 1031 3317 et
1050 3256 1325 3337 nostras,
1354 3273 1597 3317 nonum
1640 3273 1720 3316 ue
1741 3253 2067 3336 prematur
2086 3251 2158 3315 in
2179 3273 2440 3335 annum,

634 3335 1027 3401 Membranis
1068 3337 1240 3402 intus
1283 3336 1543 3421 positis3
1590 3273 1800 3401 delere
1841 3335 2089 3419 licebit,

509 3430 612 3481 890
641 3418 823 3494 Quod
868 3440 1002 3484 non
1045 3419 1347 3505 edideris3
1390 3420 1599 3485 nescit
1638 3439 1764 3486 vox
1804 3419 2001 3485 missa
2041 3421 2298 3486 reverti.

637 3501 972 3568 silvestres
1016 3501 1309 3569 homines
1354 3524 1530 3570 sacer
1572 3504 2009 3590 interpresque
2053 3502 2316 3569 deorum
