2588 4046
492 237 618 303 226
1191 237 1703 294 EPISTVLARVM
2334 239 2412 310 [n.

619 401 926 468 Ludentis
971 402 1251 486 speciem
1298 401 1475 465 dabit
1519 404 1584 466 et
1624 400 2053 483 torquebitur,
2098 402 2172 464 ut
2215 400 2325 482 qui

496 501 594 550 125
623 487 814 552 Nunc
846 486 1173 569 Satyrum,
1217 507 1390 551 nunc
1554 488 1754 550 estem
1789 484 2074 569 Cyclopa
2116 488 2412 549 movetur.

620 571 1037 636 Praetulerim
1082 570 1357 653 scriptor
1401 569 1478 634 de
1511 570 1523 583 '
1678 569 1850 633 iners
1894 590 1973 633 ue
2013 568 2249 649 videri,

620 655 794 719 Dum
835 676 978 719 mea
1021 654 1340 719 delectent
1367 654 1539 718 mala
1580 674 1682 717 me
1711 653 1815 717 vel
1903 653 2133 735 enique
2174 652 2413 733 fallant,

624 739 831 815 Quam
860 759 1080 822 sapere
1112 741 1177 802 et
1216 738 1437 822 ringi?
1485 737 1636 802 Fuit
1672 736 1843 801 haud
1872 736 2178 821 ignobilis
2212 736 2414 820 Argis,

625 823 749 899 Qm·
792 844 860 887 se
904 822 1200 887 credebat
1241 822 1438 885 miros
1482 821 1698 886 audire
1741 820 2080 905 tragoedos

501 920 600 970 130
627 908 707 971 111
749 927 946 972 vacuo
990 907 1193 970 laetus
1240 927 1449 970 sessor
1488 906 1869 989 plausorque
1912 904 2193 989 theatro,

627 990 855 1057 Cetera
898 991 1006 1073 qui
1049 991 1217 1055 vitae
1261 993 1542 1055 servaret
1582 989 1802 1053 munia
1843 991 2018 1052 recto

625 1075 834 1158 More,
879 1073 1086 1139 bonus
1131 1094 1284 1139 sane
1328 1073 1606 1159 vicinus,
1656 1072 1950 1137 amabilis
1992 1072 2258 1156 hospeS,

628 1159 843 1225 Comis
885 1158 955 1223 in
994 1179 1289 1240 uxorem,
1332 1160 1553 1242 posset
1595 1157 1703 1241 qui
1747 1157 2079 1242 ignoscere
2123 1158 2319 1221 servis

625 1243 715 1308 Et
757 1245 943 1328 signo
986 1243 1161 1307 laeso
1204 1263 1337 1306 non
1380 1241 1659 1307 insanire
1702 1241 2041 1338 lagoenae,

503 1340 601 1389 135
630 1327 858 1392 Posset
900 1327 1009 1410 qui
1050 1348 1274 1410 rupem
1320 1329 1384 1391 et
1423 1329 1686 1410 puteum
1730 1328 1929 1390 v1tare
1971 1328 2327 1409 patentem:

626 1411 753 1476 Hic
796 1411 906 1474 ubi
949 1414 1369 1496 cognatorum
1413 1410 1638 1494 opibus
1683 1409 1975 1492 curisque
2017 1409 2289 1474 refectus

627 1494 893 1579 Expulit
936 1494 1215 1559 elleboro
1259 1494 1555 1560 morbum
1596 1494 1913 1577 bilemque
1955 1513 2237 1575 meraco,

628 1578 719 1643 Et
759 1578 926 1643 redit
968 1578 1049 1642 ad
1092 1600 1231 1644 sese
1276 1579 1439 1663 ‘pol,
1482 1599 1587 1643 me
1633 1578 1983 1661 occidistiS,
2029 1577 2247 1658 amici,

629 1662 782 1728 Non
825 1663 1148 1727 servastis'
1194 1662 1313 1745 ait,
1361 1662 1487 1728 ‘cui
1531 1662 1622 1727 sic
1666 1665 1914 1727 extorta
1954 1661 2246 1746 voluptas

507 1759 606 1810 140
634 1747 723 1811 Et
766 1747 1057 1830 demptus
1098 1768 1214 1830 per
1255 1748 1387 1811 vim
1429 1746 1662 1811 mentis
1786 1746 2109 1810 atissimus
2153 1749 2362 1810 error?

629 1831 952 1896 Nimirum
995 1834 1278 1914 saperest
1322 1830 1585 1896 abiectis
1628 1852 1671 1894 u
1706 1831 1719 1844 ‘
1750 1851 1784 1895 e
1826 1830 2048 1915 nugis,

630 1915 720 1980 Et
759 1915 1204 1999 tempestivum
1245 1914 1461 1999 pueris
1505 1914 1848 1980 concedere
1891 1915 2142 1997 ludum,

632 1999 731 2065 Ac
772 2020 906 2065 non
947 1999 1141 2065 verba
1184 1999 1364 2083 sequi
1412 1998 1641 2064 fidibus
1684 1998 2070 2064 modulanda
2111 1997 2376 2079 Latinis,

634 2083 758 2149 Sed
801 2105 984 2149 verae
1026 2105 1450 2167 numerosque
1491 2083 1840 2167 modosque
1881 2084 2158 2149 ediscere
2201 2084 2375 2149 vitae.

508 2180 606 2231 145
638 2167 949 2243 Quocirca
975 2189 1223 2233 mecum
1252 2169 1480 2251 loquor
1519 2167 1678 2233 haec
1717 2168 2074 2251 tacitusque
2102 2167 2413 2233 recordor:

634 2252 702 2317 Si
744 2251 864 2316 tibi
905 2253 1084 2316 nulla
1128 2252 1302 2317 sitim
1343 2252 1558 2316 finiret
1600 2252 1786 2336 copia
1827 2252 2127 2336 lymphae
2141 2301 2161 2335 ,

634 2335 699 2401 N
702 2357 945 2401 arrares
987 2336 1281 2402 medicis:
1327 2335 1525 2420 quod,
1570 2338 1807 2419 quanto
1849 2338 2035 2421 plura
2075 2337 2341 2420 parasti,

637 2419 844 2484 Tanto
888 2421 1074 2504 plura
1116 2420 1325 2504 cupis,
1368 2420 1615 2485 nulline
1656 2420 1912 2485 faterier
1954 2420 2192 2485 audes?

636 2502 706 2569 Si
749 2505 976 2569 volnus
1019 2505 1139 2569 tibi
1182 2507 1536 2569 monstrata
1576 2504 1787 2570 radice
1831 2505 1933 2570 vel
1974 2504 2174 2569 herba

509 2600 609 2652 150
637 2587 790 2653 Non
831 2588 1011 2652 fieret
1051 2588 1281 2671 levius,
1327 2588 1582 2674 fugeres
1624 2589 1838 2654 radice
1879 2589 1982 2653 vel
2023 2588 2225 2653 herba

635 2672 1015 2737 Proficiente
1055 2671 1221 2737 nihil
1265 2674 1569 2737 curarier:
1616 2674 1902 2738 audieras
1913 2721 1932 2755 ,
1978 2673 2080 2737 cui

634 2755 797 2821 Rem
841 2756 905 2820 di
949 2756 1288 2839 donarent,
1334 2756 1431 2821 illi
1472 2756 1772 2822 decedere
1814 2778 2078 2841 pravam

637 2840 1017 2925 Stultitiam3
1063 2842 1155 2924 et,
1201 2862 1345 2906 cum
1390 2841 1478 2905 sis
1520 2840 1724 2905 nihilo
1769 2841 2143 2924 sapientior,
2191 2864 2266 2906 ex
2307 2861 2424 2924 quo

635 2924 894 2989 Plenior
938 2945 1004 2988 es
1013 2973 1032 3007 ,
1075 2926 1293 2989 tamen
1335 2925 1531 2989 uteris
1572 2925 1994 2990 monitoribus
2036 2925 2283 2989 isdem?

512 3021 609 3071 155
637 3008 729 3072 At
772 3008 828 3072 si
872 3008 1126 3073 divitiae
1167 3008 1546 3106 prudentem
1588 3009 1848 3074 reddere
1890 3013 2182 3093 possent,

637 3092 707 3157 Si
736 3092 1033 3175 cupidum
1062 3092 1479 3177 timidumque
1507 3094 1718 3158 minus
1756 3095 1852 3158 te:
1895 3114 2126 3177 nempe
2155 3093 2422 3172 rubereS,

637 3175 899 3241 Viveret
939 3177 1008 3239 in
1051 3178 1237 3242 terris
1281 3179 1346 3241 te
1391 3178 1590 3261 siquis
1634 3178 1881 3242 avarior
1922 3198 2074 3242 uno.

637 3258 707 3325 Si
749 3260 1168 3344 propriumst,
1214 3260 1385 3344 quod
1429 3261 1568 3344 quis
1611 3260 1775 3325 libra
1811 3264 2127 3326 mercatur
2157 3265 2221 3327 et
2260 3279 2422 3342 aere,

638 3343 990 3427 Quaedam,
1034 3345 1092 3408 si
1134 3345 1337 3410 credis
1383 3345 1722 3428 consultis,
1767 3346 2091 3429 mancipat
2129 3368 2306 3411 usus:

516 3440 614 3491 150
643 3427 767 3503 Qui
808 3431 873 3491 te
914 3429 1122 3511 pascit
1164 3450 1345 3514 ager,
1388 3432 1535 3493 tuus
1579 3433 1705 3512 est,
1750 3431 1814 3492 et
1855 3429 2080 3495 vilicus
2126 3430 2305 3513 Orbi,

640 3510 803 3577 Cum
848 3515 1095 3596 segetes
1139 3516 1321 3578 occat
1361 3512 1481 3577 tibi
1521 3534 1672 3578 mox
1714 3512 2035 3578 frumenta
2080 3515 2357 3590 daturas,
