2588 4046
464 228 550 292 24
1225 232 1619 288 cARMmVM
2121 233 2410 304 [xxvm.

593 395 683 460 Te
713 397 1016 459 maneant
1057 394 1298 479 ipsum:
1390 395 1638 459 recibus
1670 415 1805 459 non
1849 393 2098 477 linquar
2140 395 2413 479 inultis,

677 479 890 562 Teque
934 479 1187 562 piacula
1229 501 1274 542 n
1370 501 1409 542 a
1448 480 1785 544 resolvent.

469 575 534 624 35
599 562 993 645 Quamquam
1037 563 1335 646 festinaS,
1379 584 1515 626 non
1559 565 1656 626 est
1681 582 1864 626 mora
1907 563 2131 647 longa3
2179 561 2420 626 licebit

681 646 926 711 Iniecto
971 649 1070 710 ter
1112 647 1373 731 pulvere
1419 667 1653 712 curras.

1241 919 1608 994 XXVIIII.

596 1049 760 1133 Icci,
807 1049 1009 1114 beatis
1053 1071 1224 1115 nunc
1266 1049 1554 1116 Arabum
1596 1049 1842 1115 invides

599 1132 787 1198 Gazis
833 1136 897 1198 et
940 1155 1148 1198 acrem
1190 1134 1487 1197 militiam
1528 1155 1713 1218 paras

680 1217 833 1283 Non
875 1221 1021 1282 ante
1067 1217 1327 1282 devictis
1372 1217 1647 1300 Sabaeae

772 1301 1058 1386 Regibus
1072 1350 1092 1385 ,
1135 1301 1550 1386 horribilique
1593 1301 1781 1367 Medo

468 1429 502 1480 5
604 1417 826 1484 Nectis
872 1421 1147 1484 catenas,
1235 1418 1409 1493 Quae
1452 1419 1571 1483 tibi
1614 1420 1711 1483 vir
1762 1419 1775 1433 ⁶
1825 1440 1934 1484 um

599 1501 849 1586 Sponso
893 1506 1118 1567 necato
1163 1503 1432 1567 barbara
1476 1503 1706 1567 serviet

681 1586 847 1650 Puer
891 1588 1031 1670 quis
1075 1608 1152 1651 ex
1195 1587 1343 1651 aula
1387 1588 1631 1670 capillis

773 1670 877 1734 Ad
922 1670 1219 1755 cyathum
1263 1674 1575 1735 statuetur
1617 1671 1858 1755 unctis,

598 1786 841 1852 Doctus
887 1789 1152 1873 sagittas
1195 1789 1454 1854 tendere
1499 1787 1742 1853 Sericas

475 1883 540 1932 10
602 1870 776 1935 Arcu
818 1873 1126 1956 paterno?
1215 1873 1372 1947 Quis
1415 1874 1611 1956 neget
1652 1870 1863 1936 arduis

683 1954 929 2020 Pronos
972 1956 1171 2021 relabi
1214 1978 1401 2041 posse
1444 1957 1614 2021 rivos

774 2040 1103 2105 Montibus
1149 2044 1213 2105 et
1254 2041 1535 2105 Tiberim
1578 2041 1863 2125 revertis,

599 2157 763 2223 Cum
806 2161 876 2222 tu
922 2161 1247 2256 coemptos
1291 2158 1569 2242 undique
1611 2158 1845 2223 nobilis

598 2241 823 2306 Libros
867 2242 1132 2306 Panaeti
1175 2241 1565 2307 Socraticam
1609 2245 1673 2307 et
1716 2242 1974 2306 domum

477 2337 538 2386 15
688 2326 936 2390 Mussare
980 2326 1197 2391 loricis
1240 2325 1529 2409 Hiberis,

775 2409 1107 2474 Pollicitus
1150 2410 1445 2493 meliora,
1491 2410 1746 2475 tendis?

1312 2684 1537 2757 XXX.

600 2812 654 2878 O
698 2811 946 2895 VenuS,
992 2814 1217 2898 regina
1262 2812 1451 2879 Cnidi
1494 2812 1851 2897 Paphique‚

600 2895 840 2980 Sperne
885 2897 1178 2961 dilecssam
1223 2897 1483 2981 Cypron
1527 2900 1590 2962 et
1630 2896 1919 2962 vocantis

599 2980 763 3045 Ture
807 2984 870 3044 te
914 2982 1113 3044 multo
1161 2980 1466 3064 Glycerae
1518 2981 1810 3046 decoram

776 3064 1078 3129 Transfer
1120 3064 1190 3129 in
1233 3066 1470 3130 aedem.

470 3196 503 3245 5
600 3182 903 3246 Fervidus
946 3185 1157 3247 tecum
1200 3204 1357 3266 puer
1400 3185 1465 3248 et
1512 3182 1735 3247 solutis

600 3266 856 3330 Gratiae
900 3266 1078 3330 zonis
1122 3269 1587 3351 properentque
1607 3266 1946 3350 Nymphae

598 3349 687 3414 Et
728 3372 953 3435 parum
998 3353 1194 3415 comis
1240 3352 1378 3415 sine
1422 3354 1485 3415 te
1525 3350 1821 3415 Iuventas

775 3434 1263 3519 Mercuriusque.

1279 3574 1579 3584 ——-—-
