<?xml version="1.0" encoding="UTF-8"?>
<!DOCTYPE html PUBLIC "-//W3C//DTD XHTML 1.0 Transitional//EN"
    "http://www.w3.org/TR/xhtml1/DTD/xhtml1-transitional.dtd">
<html xmlns="http://www.w3.org/1999/xhtml" xml:lang="en" lang="en">
 <head>
  <title>
</title>
<meta http-equiv="Content-Type" content="text/html;charset=utf-8" />
  <meta name='ocr-system' content='tesseract 3.04.00' />
  <meta name='ocr-capabilities' content='ocr_page ocr_carea ocr_par ocr_line ocrx_word'/>
</head>
<body>
  <div class='ocr_page' id='page_1' title='image "./qvaleriicatulli03catugoog_0406.png"; bbox 0 0 2588 4046; ppageno 0'>
   <div class='ocr_carea' id='block_1_1' title="bbox 468 249 2400 329">
    <p class='ocr_par' dir='ltr' id='par_1_1' title="bbox 468 249 2400 329">
     <span class='ocr_line' id='line_1_1' title="bbox 468 249 2400 329; baseline -0.003 -16"><span class='ocrx_word' id='word_1_1' title='bbox 468 249 586 314; x_wconf 87' lang='lat'><strong>188</strong></span> <span class='ocrx_word' id='word_1_2' title='bbox 1174 254 1689 312; x_wconf 68' lang='lat' dir='ltr'><strong>smsrvnfflvm</strong></span> <span class='ocrx_word' id='word_1_3' title='bbox 1757 320 1765 329; x_wconf 51' lang='grc'><strong>,</strong></span> <span class='ocrx_word' id='word_1_4' title='bbox 2332 250 2400 324; x_wconf 86' lang='lat'><strong>[1.</strong></span> 
     </span>
    </p>
   </div>
   <div class='ocr_carea' id='block_1_2' title="bbox 477 413 2400 1089">
    <p class='ocr_par' dir='ltr' id='par_1_2' title="bbox 596 413 2129 516">
     <span class='ocr_line' id='line_1_2' title="bbox 596 413 2129 516; baseline -0.003 -33"><span class='ocrx_word' id='word_1_5' title='bbox 596 418 886 484; x_wconf 86' lang='lat' dir='ltr'><strong>Insanire</strong></span> <span class='ocrx_word' id='word_1_6' title='bbox 929 419 1115 516; x_wconf 83' lang='lat' dir='ltr'><strong>putas</strong></span> <span class='ocrx_word' id='word_1_7' title='bbox 1159 417 1494 482; x_wconf 79' lang='lat' dir='ltr'><strong>sollemnia</strong></span> <span class='ocrx_word' id='word_1_8' title='bbox 1534 437 1637 481; x_wconf 92' lang='lat' dir='ltr'><strong>me</strong></span> <span class='ocrx_word' id='word_1_9' title='bbox 1678 436 1885 500; x_wconf 86' lang='lat' dir='ltr'><strong>neque</strong></span> <span class='ocrx_word' id='word_1_10' title='bbox 1926 413 2129 499; x_wconf 85' lang='lat' dir='ltr'><strong>rides,</strong></span> 
     </span>
    </p>

    <p class='ocr_par' dir='ltr' id='par_1_3' title="bbox 596 500 2006 584">
     <span class='ocr_line' id='line_1_3' title="bbox 596 500 2006 584; baseline -0.003 -16"><span class='ocrx_word' id='word_1_11' title='bbox 596 502 735 569; x_wconf 91' lang='lat' dir='ltr'><strong>Nec</strong></span> <span class='ocrx_word' id='word_1_12' title='bbox 773 502 1009 567; x_wconf 80' lang='lat' dir='ltr'><strong>medici</strong></span> <span class='ocrx_word' id='word_1_13' title='bbox 1051 501 1254 566; x_wconf 90' lang='lat' dir='ltr'><strong>credis</strong></span> <span class='ocrx_word' id='word_1_14' title='bbox 1297 521 1418 565; x_wconf 88' lang='lat' dir='ltr'><strong>nec</strong></span> <span class='ocrx_word' id='word_1_15' title='bbox 1461 500 1773 565; x_wconf 80' lang='lat' dir='ltr'><strong>curatoris</strong></span> <span class='ocrx_word' id='word_1_16' title='bbox 1817 520 2006 584; x_wconf 78' lang='lat' dir='ltr'><strong>egere</strong></span> 
     </span>
    </p>

    <p class='ocr_par' dir='ltr' id='par_1_4' title="bbox 596 584 2023 670">
     <span class='ocr_line' id='line_1_4' title="bbox 596 584 2023 670; baseline -0.003 -19"><span class='ocrx_word' id='word_1_17' title='bbox 596 588 659 651; x_wconf 80' lang='lat' dir='ltr'>A</span> <span class='ocrx_word' id='word_1_18' title='bbox 699 589 990 670; x_wconf 79' lang='lat' dir='ltr'><strong>praetore</strong></span> <span class='ocrx_word' id='word_1_19' title='bbox 1035 585 1197 668; x_wconf 86' lang='lat' dir='ltr'><strong>dati,</strong></span> <span class='ocrx_word' id='word_1_20' title='bbox 1231 606 1453 649; x_wconf 87' lang='lat' dir='ltr'><strong>rerum</strong></span> <span class='ocrx_word' id='word_1_21' title='bbox 1493 584 1697 649; x_wconf 87' lang='lat' dir='ltr'><strong>tutela</strong></span> <span class='ocrx_word' id='word_1_22' title='bbox 1737 605 2023 648; x_wconf 88' lang='lat' dir='ltr'><strong>mearum</strong></span> 
     </span>
    </p>

    <p class='ocr_par' dir='ltr' id='par_1_5' title="bbox 477 667 2400 837">
     <span class='ocr_line' id='line_1_5' title="bbox 599 667 2400 753; baseline -0.003 -17"><span class='ocrx_word' id='word_1_23' title='bbox 599 669 762 737; x_wconf 84' lang='lat' dir='ltr'><strong>Cum</strong></span> <span class='ocrx_word' id='word_1_24' title='bbox 805 670 892 734; x_wconf 84' lang='lat' dir='ltr'><strong>sis</strong></span> <span class='ocrx_word' id='word_1_25' title='bbox 935 671 1000 734; x_wconf 85' lang='lat' dir='ltr'><strong>et</strong></span> <span class='ocrx_word' id='word_1_26' title='bbox 1040 690 1234 753; x_wconf 80' lang='lat' dir='ltr'><strong>prave</strong></span> <span class='ocrx_word' id='word_1_27' title='bbox 1262 671 1506 734; x_wconf 84' lang='lat' dir='ltr'><strong>sectum</strong></span> <span class='ocrx_word' id='word_1_28' title='bbox 1550 667 1963 732; x_wconf 70' lang='lat' dir='ltr'><strong>stomacheris</strong></span> <span class='ocrx_word' id='word_1_29' title='bbox 2007 668 2089 731; x_wconf 91' lang='lat' dir='ltr'><strong>ob</strong></span> <span class='ocrx_word' id='word_1_30' title='bbox 2118 687 2400 752; x_wconf 80' lang='lat' dir='ltr'><strong>unguem</strong></span> 
     </span>
     <span class='ocr_line' id='line_1_6' title="bbox 477 750 2044 837; baseline -0.002 -19"><span class='ocrx_word' id='word_1_31' title='bbox 477 768 572 818; x_wconf 78' lang='lat'><strong>105</strong></span> <span class='ocrx_word' id='word_1_32' title='bbox 601 753 699 818; x_wconf 93' lang='lat' dir='ltr'><strong>De</strong></span> <span class='ocrx_word' id='word_1_33' title='bbox 743 757 808 817; x_wconf 89' lang='lat' dir='ltr'><strong>te</strong></span> <span class='ocrx_word' id='word_1_34' title='bbox 849 752 1215 837; x_wconf 83' lang='lat' dir='ltr'><strong>pendentis,</strong></span> <span class='ocrx_word' id='word_1_35' title='bbox 1255 755 1324 817; x_wconf 85' lang='lat' dir='ltr'><strong>te</strong></span> <span class='ocrx_word' id='word_1_36' title='bbox 1365 752 1768 836; x_wconf 88' lang='lat' dir='ltr'><strong>respicientis</strong></span> <span class='ocrx_word' id='word_1_37' title='bbox 1812 750 2044 816; x_wconf 80' lang='lat' dir='ltr'><strong>amici?</strong></span> 
     </span>
    </p>

    <p class='ocr_par' dir='ltr' id='par_1_6' title="bbox 597 833 2400 919">
     <span class='ocr_line' id='line_1_7' title="bbox 597 833 2400 919; baseline -0.002 -18"><span class='ocrx_word' id='word_1_38' title='bbox 597 837 703 901; x_wconf 90' lang='lat' dir='ltr'><strong>Ad</strong></span> <span class='ocrx_word' id='word_1_39' title='bbox 745 858 1085 901; x_wconf 82' lang='lat' dir='ltr'><strong>summam:</strong></span> <span class='ocrx_word' id='word_1_40' title='bbox 1130 836 1385 919; x_wconf 82' lang='lat' dir='ltr'><strong>sapiens</strong></span> <span class='ocrx_word' id='word_1_41' title='bbox 1426 857 1555 900; x_wconf 92' lang='lat' dir='ltr'><strong>uno</strong></span> <span class='ocrx_word' id='word_1_42' title='bbox 1598 836 1809 900; x_wconf 84' lang='lat' dir='ltr'><strong>minor</strong></span> <span class='ocrx_word' id='word_1_43' title='bbox 1838 837 1936 900; x_wconf 85' lang='lat' dir='ltr'><strong>est</strong></span> <span class='ocrx_word' id='word_1_44' title='bbox 1975 833 2159 917; x_wconf 82' lang='lat' dir='ltr'><strong>Iove,</strong></span> <span class='ocrx_word' id='word_1_45' title='bbox 2203 833 2400 918; x_wconf 81' lang='lat' dir='ltr'><strong>dives,</strong></span> 
     </span>
    </p>

    <p class='ocr_par' dir='ltr' id='par_1_7' title="bbox 597 918 2338 1003">
     <span class='ocr_line' id='line_1_8' title="bbox 597 918 2338 1003; baseline -0.002 -18"><span class='ocrx_word' id='word_1_46' title='bbox 597 921 817 1003; x_wconf 89' lang='lat' dir='ltr'><strong>Liber,</strong></span> <span class='ocrx_word' id='word_1_47' title='bbox 858 921 1240 1003; x_wconf 88' lang='lat' dir='ltr'><strong>honoratus,</strong></span> <span class='ocrx_word' id='word_1_48' title='bbox 1281 919 1578 1003; x_wconf 81' lang='lat' dir='ltr'><strong>pulcher,</strong></span> <span class='ocrx_word' id='word_1_49' title='bbox 1620 941 1733 983; x_wconf 87' lang='lat' dir='ltr'><strong>rex</strong></span> <span class='ocrx_word' id='word_1_50' title='bbox 1774 918 2046 1002; x_wconf 80' lang='lat' dir='ltr'><strong>denique</strong></span> <span class='ocrx_word' id='word_1_51' title='bbox 2088 939 2338 1003; x_wconf 85' lang='lat' dir='ltr'><strong>regum,</strong></span> 
     </span>
    </p>

    <p class='ocr_par' dir='ltr' id='par_1_8' title="bbox 599 1002 2230 1089">
     <span class='ocr_line' id='line_1_9' title="bbox 599 1002 2230 1089; baseline -0.001 -20"><span class='ocrx_word' id='word_1_52' title='bbox 599 1004 944 1089; x_wconf 80' lang='lat' dir='ltr'>Praecipue</span> <span class='ocrx_word' id='word_1_53' title='bbox 987 1024 1209 1086; x_wconf 89' lang='lat' dir='ltr'><strong>sanus,</strong></span> <span class='ocrx_word' id='word_1_54' title='bbox 1250 1003 1377 1067; x_wconf 87' lang='lat' dir='ltr'><strong>m&#39;si</strong></span> <span class='ocrx_word' id='word_1_55' title='bbox 1422 1024 1567 1068; x_wconf 91' lang='lat' dir='ltr'><strong>cum</strong></span> <span class='ocrx_word' id='word_1_56' title='bbox 1610 1002 1841 1087; x_wconf 78' lang='lat' dir='ltr'><strong>pituita</strong></span> <span class='ocrx_word' id='word_1_57' title='bbox 1882 1002 2230 1067; x_wconf 88' lang='lat' dir='ltr'><strong>molestast.</strong></span> 
     </span>
    </p>
   </div>
   <div class='ocr_carea' id='block_1_3' title="bbox 1286 1176 1591 1186">
    <p class='ocr_par' dir='ltr' id='par_1_9' title="bbox 1286 1176 1591 1186">
     <span class='ocr_line' id='line_1_10' title="bbox 1286 1176 1591 1186; baseline 0 0"><span class='ocrx_word' id='word_1_58' title='bbox 1286 1176 1591 1186; x_wconf 95' lang='lat' dir='ltr'><strong> </strong></span> 
     </span>
    </p>
   </div>
   <div class='ocr_carea' id='block_1_4' title="bbox 1381 1292 1478 1367">
    <p class='ocr_par' dir='ltr' id='par_1_10' title="bbox 1381 1292 1478 1367">
     <span class='ocr_line' id='line_1_11' title="bbox 1381 1292 1478 1367; baseline 0 -2"><span class='ocrx_word' id='word_1_59' title='bbox 1381 1292 1478 1367; x_wconf 87' lang='grc' dir='ltr'><strong>Π.</strong></span> 
     </span>
    </p>
   </div>
   <div class='ocr_carea' id='block_1_5' title="bbox 502 1421 2419 3522">
    <p class='ocr_par' dir='ltr' id='par_1_11' title="bbox 601 1421 2064 1508">
     <span class='ocr_line' id='line_1_12' title="bbox 601 1421 2064 1508; baseline -0.001 -20"><span class='ocrx_word' id='word_1_60' title='bbox 601 1423 863 1488; x_wconf 82' lang='lat' dir='ltr'><strong>Troiani</strong></span> <span class='ocrx_word' id='word_1_61' title='bbox 903 1424 1058 1489; x_wconf 86' lang='lat' dir='ltr'><strong>belli</strong></span> <span class='ocrx_word' id='word_1_62' title='bbox 1102 1423 1507 1508; x_wconf 74' lang='lat' dir='ltr'><strong>scriptorem,</strong></span> <span class='ocrx_word' id='word_1_63' title='bbox 1551 1423 1825 1487; x_wconf 78' lang='lat' dir='ltr'><strong>maxime</strong></span> <span class='ocrx_word' id='word_1_64' title='bbox 1866 1421 2064 1506; x_wconf 90' lang='lat' dir='ltr'><strong>Lolli,</strong></span> 
     </span>
    </p>

    <p class='ocr_par' dir='ltr' id='par_1_12' title="bbox 601 1505 2221 1590">
     <span class='ocr_line' id='line_1_13' title="bbox 601 1505 2221 1590; baseline -0.001 -18"><span class='ocrx_word' id='word_1_65' title='bbox 601 1507 772 1572; x_wconf 89' lang='lat' dir='ltr'><strong>Dum</strong></span> <span class='ocrx_word' id='word_1_66' title='bbox 813 1511 885 1572; x_wconf 87' lang='lat' dir='ltr'><strong>tu</strong></span> <span class='ocrx_word' id='word_1_67' title='bbox 930 1508 1244 1573; x_wconf 86' lang='lat' dir='ltr'><strong>declamas</strong></span> <span class='ocrx_word' id='word_1_68' title='bbox 1287 1507 1528 1571; x_wconf 89' lang='lat' dir='ltr'><strong>Romae</strong></span> <span class='ocrx_word' id='word_1_69' title='bbox 1541 1555 1561 1590; x_wconf 95' lang='lat'><strong>,</strong></span> <span class='ocrx_word' id='word_1_70' title='bbox 1604 1506 1946 1572; x_wconf 76' lang='lat' dir='ltr'><strong>Praeneste</strong></span> <span class='ocrx_word' id='word_1_71' title='bbox 1991 1508 2084 1571; x_wconf 90' lang='lat' dir='ltr'><strong>rel</strong></span> <span class='ocrx_word' id='word_1_72' title='bbox 2170 1505 2186 1521; x_wconf 84' lang='lat'>‘</span> <span class='ocrx_word' id='word_1_73' title='bbox 2199 1553 2221 1590; x_wconf 91' lang='lat'><strong>,</strong></span> 
     </span>
    </p>

    <p class='ocr_par' dir='ltr' id='par_1_13' title="bbox 602 1589 2406 1739">
     <span class='ocr_line' id='line_1_14' title="bbox 602 1589 2406 1739; baseline -0.001 -83"><span class='ocrx_word' id='word_1_74' title='bbox 602 1591 758 1675; x_wconf 81' lang='lat' dir='ltr'><strong>Qui,</strong></span> <span class='ocrx_word' id='word_1_75' title='bbox 806 1591 957 1675; x_wconf 90' lang='lat' dir='ltr'><strong>quid</strong></span> <span class='ocrx_word' id='word_1_76' title='bbox 1000 1592 1086 1655; x_wconf 89' lang='lat' dir='ltr'><strong>sit</strong></span> <span class='ocrx_word' id='word_1_77' title='bbox 1125 1590 1494 1675; x_wconf 83' lang='lat' dir='ltr'><strong>pulchrum,</strong></span> <span class='ocrx_word' id='word_1_78' title='bbox 1550 1590 1704 1674; x_wconf 87' lang='lat' dir='ltr'><strong>quid</strong></span> <span class='ocrx_word' id='word_1_79' title='bbox 1745 1594 1962 1739; x_wconf 56' lang='grc' dir='ltr'><strong>ὑμὲ-ΡΘ,</strong></span> <span class='ocrx_word' id='word_1_80' title='bbox 2019 1590 2130 1674; x_wconf 90' lang='lat' dir='ltr'><strong>qui</strong></span> <span class='ocrx_word' id='word_1_81' title='bbox 2215 1589 2406 1672; x_wconf 78' lang='lat' dir='ltr'><strong>utile,</strong></span> 
     </span>
     <span class='ocr_line' id='line_1_15' title="bbox 1732 1696 2016 1739; baseline -0.004 0"><span class='ocrx_word' id='word_1_82' title='bbox 1732 1696 1800 1739; x_wconf 89' lang='lat' dir='ltr'><strong>u1</strong></span> <span class='ocrx_word' id='word_1_83' title='bbox 1883 1696 2016 1739; x_wconf 83' lang='lat' dir='ltr'><strong>non</strong></span> 
     </span>
    </p>

    <p class='ocr_par' dir='ltr' id='par_1_14' title="bbox 602 1695 2335 1843">
     <span class='ocr_line' id='line_1_16' title="bbox 602 1695 2335 1843; baseline -0.001 -19"><span class='ocrx_word' id='word_1_84' title='bbox 602 1759 863 1825; x_wconf 77' lang='lat' dir='ltr'><strong>Planius</strong></span> <span class='ocrx_word' id='word_1_85' title='bbox 905 1780 980 1825; x_wconf 64' lang='lat' dir='ltr'><strong>aa</strong></span> <span class='ocrx_word' id='word_1_86' title='bbox 1015 1759 1249 1825; x_wconf 74' lang='lat' dir='ltr'><strong>melius</strong></span> <span class='ocrx_word' id='word_1_87' title='bbox 1294 1759 1654 1843; x_wconf 74' lang='lat' dir='ltr'><strong>chrysippo</strong></span> <span class='ocrx_word' id='word_1_88' title='bbox 1689 1695 1765 1823; x_wconf 61' lang='lat' dir='ltr'><strong>{t</strong></span> <span class='ocrx_word' id='word_1_89' title='bbox 1805 1723 2116 1825; x_wconf 59' lang='lat' dir='ltr'><strong>erantdre</strong></span> <span class='ocrx_word' id='word_1_90' title='bbox 2158 1757 2335 1823; x_wconf 73' lang='lat' dir='ltr'><strong>dicit.</strong></span> 
     </span>
    </p>

    <p class='ocr_par' dir='ltr' id='par_1_15' title="bbox 533 1840 2371 2264">
     <span class='ocr_line' id='line_1_17' title="bbox 533 1840 2335 1926; baseline 0.001 -20"><span class='ocrx_word' id='word_1_91' title='bbox 533 1855 567 1906; x_wconf 74' lang='lat'>6</span> <span class='ocrx_word' id='word_1_92' title='bbox 611 1843 742 1910; x_wconf 83' lang='lat' dir='ltr'><strong>Gur</strong></span> <span class='ocrx_word' id='word_1_93' title='bbox 785 1844 876 1909; x_wconf 84' lang='lat' dir='ltr'><strong>ita</strong></span> <span class='ocrx_word' id='word_1_94' title='bbox 915 1843 1324 1926; x_wconf 86' lang='lat' dir='ltr'><strong>crediderim,</strong></span> <span class='ocrx_word' id='word_1_95' title='bbox 1366 1843 1495 1907; x_wconf 91' lang='lat' dir='ltr'><strong>nisi</strong></span> <span class='ocrx_word' id='word_1_96' title='bbox 1537 1842 1691 1926; x_wconf 90' lang='lat' dir='ltr'><strong>quid</strong></span> <span class='ocrx_word' id='word_1_97' title='bbox 1733 1846 1798 1907; x_wconf 87' lang='lat' dir='ltr'><strong>te</strong></span> <span class='ocrx_word' id='word_1_98' title='bbox 1841 1843 2117 1926; x_wconf 79' lang='lat' dir='ltr'><strong>detinet,</strong></span> <span class='ocrx_word' id='word_1_99' title='bbox 2162 1840 2335 1907; x_wconf 82' lang='lat' dir='ltr'><strong>audi.</strong></span> 
     </span>
     <span class='ocr_line' id='line_1_18' title="bbox 602 1927 2293 2011; baseline -0.001 -20"><span class='ocrx_word' id='word_1_100' title='bbox 602 1927 874 2010; x_wconf 88' lang='lat' dir='ltr'><strong>Fabula,</strong></span> <span class='ocrx_word' id='word_1_101' title='bbox 918 1948 1043 2011; x_wconf 86' lang='lat' dir='ltr'><strong>qua</strong></span> <span class='ocrx_word' id='word_1_102' title='bbox 1082 1927 1331 1991; x_wconf 82' lang='lat' dir='ltr'><strong>Paridis</strong></span> <span class='ocrx_word' id='word_1_103' title='bbox 1373 1930 1636 2011; x_wconf 86' lang='lat' dir='ltr'><strong>propter</strong></span> <span class='ocrx_word' id='word_1_104' title='bbox 1674 1930 1971 1991; x_wconf 81' lang='lat' dir='ltr'><strong>narratur</strong></span> <span class='ocrx_word' id='word_1_105' title='bbox 2013 1946 2293 1991; x_wconf 89' lang='lat' dir='ltr'><strong>amorem</strong></span> 
     </span>
     <span class='ocr_line' id='line_1_19' title="bbox 605 2010 2017 2095; baseline 0 -19"><span class='ocrx_word' id='word_1_106' title='bbox 605 2010 875 2077; x_wconf 85' lang='lat' dir='ltr'><strong>Graecia</strong></span> <span class='ocrx_word' id='word_1_107' title='bbox 916 2011 1247 2077; x_wconf 84' lang='lat' dir='ltr'><strong>barbariae</strong></span> <span class='ocrx_word' id='word_1_108' title='bbox 1290 2012 1466 2077; x_wconf 88' lang='lat' dir='ltr'><strong>lento</strong></span> <span class='ocrx_word' id='word_1_109' title='bbox 1512 2010 1733 2076; x_wconf 84' lang='lat' dir='ltr'><strong>collisa</strong></span> <span class='ocrx_word' id='word_1_110' title='bbox 1776 2011 2017 2095; x_wconf 89' lang='lat' dir='ltr'><strong>duello,</strong></span> 
     </span>
     <span class='ocr_line' id='line_1_20' title="bbox 605 2096 2371 2182; baseline 0.001 -21"><span class='ocrx_word' id='word_1_111' title='bbox 605 2096 958 2161; x_wconf 79' lang='lat' dir='ltr'><strong>Stultorum</strong></span> <span class='ocrx_word' id='word_1_112' title='bbox 998 2117 1225 2182; x_wconf 87' lang='lat' dir='ltr'><strong>regum</strong></span> <span class='ocrx_word' id='word_1_113' title='bbox 1267 2100 1335 2160; x_wconf 83' lang='lat' dir='ltr'><strong>et</strong></span> <span class='ocrx_word' id='word_1_114' title='bbox 1373 2096 1759 2180; x_wconf 88' lang='lat' dir='ltr'><strong>populorum</strong></span> <span class='ocrx_word' id='word_1_115' title='bbox 1802 2097 2089 2160; x_wconf 86' lang='lat' dir='ltr'><strong>continet</strong></span> <span class='ocrx_word' id='word_1_116' title='bbox 2131 2099 2371 2163; x_wconf 78' lang='lat' dir='ltr'><strong>aestus.</strong></span> 
     </span>
     <span class='ocr_line' id='line_1_21' title="bbox 604 2179 2086 2264; baseline 0 -20"><span class='ocrx_word' id='word_1_117' title='bbox 604 2182 898 2245; x_wconf 84' lang='lat' dir='ltr'><strong>Antenor</strong></span> <span class='ocrx_word' id='word_1_118' title='bbox 940 2184 1158 2246; x_wconf 89' lang='lat' dir='ltr'><strong>censet</strong></span> <span class='ocrx_word' id='word_1_119' title='bbox 1197 2181 1355 2244; x_wconf 91' lang='lat' dir='ltr'><strong>belli</strong></span> <span class='ocrx_word' id='word_1_120' title='bbox 1396 2179 1759 2264; x_wconf 79' lang='lat' dir='ltr'><strong>praecidere</strong></span> <span class='ocrx_word' id='word_1_121' title='bbox 1802 2200 2086 2245; x_wconf 85' lang='lat' dir='ltr'><strong>causam:</strong></span> 
     </span>
    </p>

    <p class='ocr_par' dir='ltr' id='par_1_16' title="bbox 508 2263 2325 2497">
     <span class='ocr_line' id='line_1_22' title="bbox 508 2263 2325 2349; baseline 0.002 -24"><span class='ocrx_word' id='word_1_122' title='bbox 508 2276 574 2326; x_wconf 77' lang='grc' dir='ltr'><strong>ιο</strong></span> <span class='ocrx_word' id='word_1_123' title='bbox 613 2263 798 2340; x_wconf 82' lang='lat' dir='ltr'><strong>Quod</strong></span> <span class='ocrx_word' id='word_1_124' title='bbox 835 2263 1048 2348; x_wconf 88' lang='lat' dir='ltr'><strong>Paris,</strong></span> <span class='ocrx_word' id='word_1_125' title='bbox 1088 2268 1164 2329; x_wconf 88' lang='lat' dir='ltr'><strong>ut</strong></span> <span class='ocrx_word' id='word_1_126' title='bbox 1204 2264 1419 2329; x_wconf 82' lang='lat' dir='ltr'><strong>salvus</strong></span> <span class='ocrx_word' id='word_1_127' title='bbox 1460 2266 1688 2349; x_wconf 84' lang='lat' dir='ltr'><strong>regnet</strong></span> <span class='ocrx_word' id='word_1_128' title='bbox 1724 2264 2022 2348; x_wconf 72' lang='lat' dir='ltr'><strong>⁷vivatque</strong></span> <span class='ocrx_word' id='word_1_129' title='bbox 2065 2264 2325 2347; x_wconf 85' lang='lat' dir='ltr'><strong>beatus,</strong></span> 
     </span>
     <span class='ocr_line' id='line_1_23' title="bbox 606 2346 2179 2432; baseline -0.001 -19"><span class='ocrx_word' id='word_1_130' title='bbox 606 2346 771 2432; x_wconf 84' lang='lat' dir='ltr'><strong>Cogi</strong></span> <span class='ocrx_word' id='word_1_131' title='bbox 901 2369 1003 2412; x_wconf 86' lang='lat' dir='ltr'><strong>sse</strong></span> <span class='ocrx_word' id='word_1_132' title='bbox 1044 2370 1091 2412; x_wconf 93' lang='lat' dir='ltr'><strong>n</strong></span> <span class='ocrx_word' id='word_1_133' title='bbox 1173 2351 1257 2412; x_wconf 89' lang='lat' dir='ltr'><strong>at.</strong></span> <span class='ocrx_word' id='word_1_134' title='bbox 1345 2347 1586 2414; x_wconf 88' lang='lat' dir='ltr'><strong>Nestor</strong></span> <span class='ocrx_word' id='word_1_135' title='bbox 1627 2368 1988 2432; x_wconf 78' lang='lat' dir='ltr'><strong>conponere</strong></span> <span class='ocrx_word' id='word_1_136' title='bbox 2032 2348 2179 2412; x_wconf 88' lang='lat' dir='ltr'><strong>lites</strong></span> 
     </span>
     <span class='ocr_line' id='line_1_24' title="bbox 604 2430 2044 2497; baseline 0.001 -2"><span class='ocrx_word' id='word_1_137' title='bbox 604 2430 783 2496; x_wconf 88' lang='lat' dir='ltr'><strong>Inter</strong></span> <span class='ocrx_word' id='word_1_138' title='bbox 879 2432 1088 2497; x_wconf 89' lang='lat' dir='ltr'><strong>eliden</strong></span> <span class='ocrx_word' id='word_1_139' title='bbox 1160 2431 1395 2496; x_wconf 82' lang='lat' dir='ltr'><strong>estinat</strong></span> <span class='ocrx_word' id='word_1_140' title='bbox 1437 2434 1502 2496; x_wconf 86' lang='lat' dir='ltr'><strong>et</strong></span> <span class='ocrx_word' id='word_1_141' title='bbox 1543 2431 1712 2496; x_wconf 87' lang='lat' dir='ltr'><strong>inter</strong></span> <span class='ocrx_word' id='word_1_142' title='bbox 1753 2431 2044 2496; x_wconf 86' lang='lat' dir='ltr'><strong>Atriden.</strong></span> 
     </span>
    </p>

    <p class='ocr_par' dir='ltr' id='par_1_17' title="bbox 605 2514 2411 2697">
     <span class='ocr_line' id='line_1_25' title="bbox 605 2514 2411 2600; baseline 0.002 -21"><span class='ocrx_word' id='word_1_143' title='bbox 605 2514 794 2580; x_wconf 90' lang='lat' dir='ltr'><strong>Hunc</strong></span> <span class='ocrx_word' id='word_1_144' title='bbox 818 2536 998 2580; x_wconf 90' lang='lat' dir='ltr'><strong>amor</strong></span> <span class='ocrx_word' id='word_1_145' title='bbox 1045 2515 1141 2579; x_wconf 87' lang='lat' dir='ltr'><strong>ira</strong></span> <span class='ocrx_word' id='word_1_146' title='bbox 1169 2515 1423 2598; x_wconf 84' lang='lat' dir='ltr'><strong>quidem</strong></span> <span class='ocrx_word' id='word_1_147' title='bbox 1446 2517 1868 2580; x_wconf 81' lang='lat' dir='ltr'><strong>communiter</strong></span> <span class='ocrx_word' id='word_1_148' title='bbox 1888 2516 2021 2580; x_wconf 88' lang='lat' dir='ltr'><strong>urit</strong></span> <span class='ocrx_word' id='word_1_149' title='bbox 2046 2519 2411 2600; x_wconf 83' lang='lat' dir='ltr'><strong>utrumque.</strong></span> 
     </span>
     <span class='ocr_line' id='line_1_26' title="bbox 606 2564 2197 2697; baseline 0 -33"><span class='ocrx_word' id='word_1_150' title='bbox 606 2598 924 2697; x_wconf 75' lang='lat' dir='ltr'><strong>Quidquid</strong></span> <span class='ocrx_word' id='word_1_151' title='bbox 967 2564 1241 2663; x_wconf 66' lang='lat' dir='ltr'><strong>d’elirant</strong></span> <span class='ocrx_word' id='word_1_152' title='bbox 1279 2619 1495 2683; x_wconf 81' lang='lat' dir='ltr'><strong>reges,</strong></span> <span class='ocrx_word' id='word_1_153' title='bbox 1537 2600 1903 2683; x_wconf 86' lang='lat' dir='ltr'><strong>plectuntur</strong></span> <span class='ocrx_word' id='word_1_154' title='bbox 1943 2598 2197 2664; x_wconf 80' lang='lat' dir='ltr'><strong>Achivi.</strong></span> 
     </span>
    </p>

    <p class='ocr_par' dir='ltr' id='par_1_18' title="bbox 509 2682 2269 2850">
     <span class='ocr_line' id='line_1_27' title="bbox 509 2682 2269 2766; baseline 0.002 -21"><span class='ocrx_word' id='word_1_155' title='bbox 509 2696 572 2745; x_wconf 72' lang='grc' dir='ltr'><strong>ιδ</strong></span> <span class='ocrx_word' id='word_1_156' title='bbox 603 2682 958 2764; x_wconf 81' lang='lat' dir='ltr'><strong>Seditlone,</strong></span> <span class='ocrx_word' id='word_1_157' title='bbox 1003 2682 1197 2765; x_wconf 90' lang='lat' dir='ltr'><strong>dolis,</strong></span> <span class='ocrx_word' id='word_1_158' title='bbox 1241 2683 1478 2747; x_wconf 86' lang='lat' dir='ltr'><strong>scelere</strong></span> <span class='ocrx_word' id='word_1_159' title='bbox 1521 2685 1712 2766; x_wconf 84' lang='lat' dir='ltr'><strong>atque</strong></span> <span class='ocrx_word' id='word_1_160' title='bbox 1754 2683 2020 2747; x_wconf 87' lang='lat' dir='ltr'><strong>libidine</strong></span> <span class='ocrx_word' id='word_1_161' title='bbox 2064 2687 2131 2748; x_wconf 85' lang='lat' dir='ltr'><strong>et</strong></span> <span class='ocrx_word' id='word_1_162' title='bbox 2170 2684 2269 2748; x_wconf 84' lang='lat' dir='ltr'><strong>ira</strong></span> 
     </span>
     <span class='ocr_line' id='line_1_28' title="bbox 605 2765 1998 2850; baseline 0.001 -21"><span class='ocrx_word' id='word_1_163' title='bbox 605 2765 835 2832; x_wconf 87' lang='lat' dir='ltr'><strong>Iliacos</strong></span> <span class='ocrx_word' id='word_1_164' title='bbox 877 2767 1048 2830; x_wconf 86' lang='lat' dir='ltr'><strong>intra</strong></span> <span class='ocrx_word' id='word_1_165' title='bbox 1088 2787 1306 2831; x_wconf 84' lang='lat' dir='ltr'><strong>muros</strong></span> <span class='ocrx_word' id='word_1_166' title='bbox 1348 2768 1649 2850; x_wconf 87' lang='lat' dir='ltr'><strong>peccatur</strong></span> <span class='ocrx_word' id='word_1_167' title='bbox 1692 2769 1760 2830; x_wconf 90' lang='lat' dir='ltr'><strong>et</strong></span> <span class='ocrx_word' id='word_1_168' title='bbox 1799 2770 1998 2831; x_wconf 84' lang='lat' dir='ltr'><strong>extra.</strong></span> 
     </span>
    </p>

    <p class='ocr_par' dir='ltr' id='par_1_19' title="bbox 602 2848 2283 3101">
     <span class='ocr_line' id='line_1_29' title="bbox 602 2848 2253 2936; baseline 0.002 -23"><span class='ocrx_word' id='word_1_169' title='bbox 602 2848 876 2934; x_wconf 83' lang='lat' dir='ltr'><strong>Rursus,</strong></span> <span class='ocrx_word' id='word_1_170' title='bbox 921 2849 1074 2933; x_wconf 91' lang='lat' dir='ltr'><strong>quid</strong></span> <span class='ocrx_word' id='word_1_171' title='bbox 1116 2851 1314 2916; x_wconf 86' lang='lat' dir='ltr'><strong>virtus</strong></span> <span class='ocrx_word' id='word_1_172' title='bbox 1358 2853 1423 2914; x_wconf 89' lang='lat' dir='ltr'><strong>et</strong></span> <span class='ocrx_word' id='word_1_173' title='bbox 1463 2850 1617 2933; x_wconf 86' lang='lat' dir='ltr'><strong>quid</strong></span> <span class='ocrx_word' id='word_1_174' title='bbox 1661 2851 1976 2934; x_wconf 84' lang='lat' dir='ltr'><strong>sapientia</strong></span> <span class='ocrx_word' id='word_1_175' title='bbox 2015 2852 2253 2936; x_wconf 83' lang='lat' dir='ltr'><strong>possit,</strong></span> 
     </span>
     <span class='ocr_line' id='line_1_30' title="bbox 609 2933 2083 3020; baseline 0.001 -22"><span class='ocrx_word' id='word_1_176' title='bbox 609 2933 778 2998; x_wconf 88' lang='lat' dir='ltr'><strong>Vtile</strong></span> <span class='ocrx_word' id='word_1_177' title='bbox 820 2934 1156 3017; x_wconf 87' lang='lat' dir='ltr'><strong>proposuit</strong></span> <span class='ocrx_word' id='word_1_178' title='bbox 1195 2933 1384 2998; x_wconf 90' lang='lat' dir='ltr'><strong>nobis</strong></span> <span class='ocrx_word' id='word_1_179' title='bbox 1428 2935 1752 3018; x_wconf 84' lang='lat' dir='ltr'><strong>exemplar</strong></span> <span class='ocrx_word' id='word_1_180' title='bbox 1794 2934 2051 2999; x_wconf 87' lang='lat' dir='ltr'><strong>Vlixem</strong></span> <span class='ocrx_word' id='word_1_181' title='bbox 2066 2985 2083 3020; x_wconf 94' lang='lat'><strong>,</strong></span> 
     </span>
     <span class='ocr_line' id='line_1_31' title="bbox 603 3016 2283 3101; baseline 0.002 -21"><span class='ocrx_word' id='word_1_182' title='bbox 603 3016 726 3093; x_wconf 82' lang='lat' dir='ltr'><strong>Qui</strong></span> <span class='ocrx_word' id='word_1_183' title='bbox 771 3017 1046 3081; x_wconf 91' lang='lat' dir='ltr'><strong>domitor</strong></span> <span class='ocrx_word' id='word_1_184' title='bbox 1089 3017 1318 3082; x_wconf 80' lang='lat' dir='ltr'><strong>Troiae</strong></span> <span class='ocrx_word' id='word_1_185' title='bbox 1360 3018 1707 3082; x_wconf 89' lang='lat' dir='ltr'><strong>multorum</strong></span> <span class='ocrx_word' id='word_1_186' title='bbox 1747 3018 2048 3101; x_wconf 83' lang='lat' dir='ltr'><strong>providus</strong></span> <span class='ocrx_word' id='word_1_187' title='bbox 2089 3020 2283 3084; x_wconf 87' lang='lat' dir='ltr'><strong>urbes</strong></span> 
     </span>
    </p>

    <p class='ocr_par' dir='ltr' id='par_1_20' title="bbox 502 3100 2419 3522">
     <span class='ocr_line' id='line_1_32' title="bbox 502 3100 2417 3189; baseline 0.003 -26"><span class='ocrx_word' id='word_1_188' title='bbox 502 3113 572 3163; x_wconf 76' lang='lat'><strong>20</strong></span> <span class='ocrx_word' id='word_1_189' title='bbox 598 3100 687 3164; x_wconf 85' lang='lat' dir='ltr'><strong>Et</strong></span> <span class='ocrx_word' id='word_1_190' title='bbox 713 3121 922 3165; x_wconf 89' lang='lat' dir='ltr'><strong>mores</strong></span> <span class='ocrx_word' id='word_1_191' title='bbox 950 3100 1284 3166; x_wconf 84' lang='lat' dir='ltr'><strong>hominum</strong></span> <span class='ocrx_word' id='word_1_192' title='bbox 1313 3101 1623 3186; x_wconf 84' lang='lat' dir='ltr'><strong>inspexit,</strong></span> <span class='ocrx_word' id='word_1_193' title='bbox 1655 3102 1980 3185; x_wconf 86' lang='lat' dir='ltr'><strong>latumque</strong></span> <span class='ocrx_word' id='word_1_194' title='bbox 2007 3123 2123 3186; x_wconf 90' lang='lat' dir='ltr'><strong>per</strong></span> <span class='ocrx_word' id='word_1_195' title='bbox 2152 3123 2417 3189; x_wconf 87' lang='lat' dir='ltr'><strong>aequor,</strong></span> 
     </span>
     <span class='ocr_line' id='line_1_33' title="bbox 601 3183 2419 3270; baseline 0.002 -22"><span class='ocrx_word' id='word_1_196' title='bbox 601 3183 773 3248; x_wconf 90' lang='lat' dir='ltr'><strong>Dum</strong></span> <span class='ocrx_word' id='word_1_197' title='bbox 801 3185 954 3267; x_wconf 85' lang='lat' dir='ltr'><strong>sibi,</strong></span> <span class='ocrx_word' id='word_1_198' title='bbox 999 3184 1150 3250; x_wconf 92' lang='lat' dir='ltr'><strong>dum</strong></span> <span class='ocrx_word' id='word_1_199' title='bbox 1180 3185 1372 3250; x_wconf 84' lang='lat' dir='ltr'><strong>sociis</strong></span> <span class='ocrx_word' id='word_1_200' title='bbox 1399 3185 1675 3250; x_wconf 88' lang='lat' dir='ltr'><strong>reditum</strong></span> <span class='ocrx_word' id='word_1_201' title='bbox 1702 3189 1917 3269; x_wconf 85' lang='lat' dir='ltr'><strong>parat,</strong></span> <span class='ocrx_word' id='word_1_202' title='bbox 1950 3207 2177 3270; x_wconf 86' lang='lat' dir='ltr'><strong>aspera</strong></span> <span class='ocrx_word' id='word_1_203' title='bbox 2206 3188 2419 3252; x_wconf 86' lang='lat' dir='ltr'><strong>multa</strong></span> 
     </span>
     <span class='ocr_line' id='line_1_34' title="bbox 601 3268 2206 3353; baseline 0.002 -21"><span class='ocrx_word' id='word_1_204' title='bbox 601 3268 903 3353; x_wconf 83' lang='lat' dir='ltr'><strong>Pertulit,</strong></span> <span class='ocrx_word' id='word_1_205' title='bbox 947 3269 1227 3334; x_wconf 82' lang='lat' dir='ltr'><strong>adversis</strong></span> <span class='ocrx_word' id='word_1_206' title='bbox 1270 3290 1483 3333; x_wconf 91' lang='lat' dir='ltr'><strong>rerum</strong></span> <span class='ocrx_word' id='word_1_207' title='bbox 1524 3269 1954 3334; x_wconf 87' lang='lat' dir='ltr'><strong>inmersabilis</strong></span> <span class='ocrx_word' id='word_1_208' title='bbox 1997 3270 2206 3335; x_wconf 86' lang='lat' dir='ltr'><strong>undis.</strong></span> 
     </span>
     <span class='ocr_line' id='line_1_35' title="bbox 602 3351 2018 3438; baseline 0.002 -22"><span class='ocrx_word' id='word_1_209' title='bbox 602 3351 896 3417; x_wconf 88' lang='lat' dir='ltr'><strong>Sirenum</strong></span> <span class='ocrx_word' id='word_1_210' title='bbox 937 3373 1121 3419; x_wconf 79' lang='lat' dir='ltr'><strong>voces</strong></span> <span class='ocrx_word' id='word_1_211' title='bbox 1166 3355 1231 3418; x_wconf 84' lang='lat' dir='ltr'><strong>et</strong></span> <span class='ocrx_word' id='word_1_212' title='bbox 1272 3351 1497 3418; x_wconf 83' lang='lat' dir='ltr'><strong>Circae</strong></span> <span class='ocrx_word' id='word_1_213' title='bbox 1539 3354 1772 3436; x_wconf 89' lang='lat' dir='ltr'><strong>pocula</strong></span> <span class='ocrx_word' id='word_1_214' title='bbox 1812 3354 2018 3438; x_wconf 84' lang='lat' dir='ltr'><strong>nosti3</strong></span> 
     </span>
     <span class='ocr_line' id='line_1_36' title="bbox 601 3435 2359 3522; baseline 0.001 -22"><span class='ocrx_word' id='word_1_215' title='bbox 601 3435 778 3512; x_wconf 82' lang='lat' dir='ltr'><strong>Quae</strong></span> <span class='ocrx_word' id='word_1_216' title='bbox 823 3437 877 3500; x_wconf 92' lang='lat' dir='ltr'><strong>si</strong></span> <span class='ocrx_word' id='word_1_217' title='bbox 919 3457 1064 3501; x_wconf 92' lang='lat' dir='ltr'><strong>cum</strong></span> <span class='ocrx_word' id='word_1_218' title='bbox 1107 3437 1298 3502; x_wconf 89' lang='lat' dir='ltr'><strong>sociis</strong></span> <span class='ocrx_word' id='word_1_219' title='bbox 1342 3438 1575 3501; x_wconf 88' lang='lat' dir='ltr'><strong>stultus</strong></span> <span class='ocrx_word' id='word_1_220' title='bbox 1619 3437 2009 3521; x_wconf 87' lang='lat' dir='ltr'><strong>cupidusque</strong></span> <span class='ocrx_word' id='word_1_221' title='bbox 2051 3438 2359 3522; x_wconf 86' lang='lat' dir='ltr'><strong>bibisset,</strong></span> 
     </span>
    </p>
   </div>
   <div class='ocr_carea' id='block_1_6' title="bbox 502 3519 2330 3607">
    <p class='ocr_par' dir='ltr' id='par_1_21' title="bbox 502 3519 2330 3607">
     <span class='ocr_line' id='line_1_37' title="bbox 502 3519 2330 3607; baseline 0.004 -26"><span class='ocrx_word' id='word_1_222' title='bbox 502 3531 569 3581; x_wconf 73' lang='lat'><strong>25</strong></span> <span class='ocrx_word' id='word_1_223' title='bbox 598 3519 729 3584; x_wconf 84' lang='lat' dir='ltr'><strong>Sub</strong></span> <span class='ocrx_word' id='word_1_224' title='bbox 773 3519 1031 3584; x_wconf 80' lang='lat' dir='ltr'><strong>domina</strong></span> <span class='ocrx_word' id='word_1_225' title='bbox 1071 3521 1402 3586; x_wconf 84' lang='lat' dir='ltr'><strong>meretrice</strong></span> <span class='ocrx_word' id='word_1_226' title='bbox 1444 3520 1674 3587; x_wconf 83' lang='lat' dir='ltr'><strong>fuisset</strong></span> <span class='ocrx_word' id='word_1_227' title='bbox 1712 3521 1920 3607; x_wconf 90' lang='lat' dir='ltr'><strong>turpis</strong></span> <span class='ocrx_word' id='word_1_228' title='bbox 1965 3524 2030 3587; x_wconf 88' lang='lat' dir='ltr'><strong>et</strong></span> <span class='ocrx_word' id='word_1_229' title='bbox 2070 3543 2295 3588; x_wconf 88' lang='lat' dir='ltr'><strong>excors</strong></span> <span class='ocrx_word' id='word_1_230' title='bbox 2308 3572 2330 3606; x_wconf 92' lang='lat'><strong>,</strong></span> 
     </span>
    </p>
   </div>
  </div>
 </body>
</html>
