2588 4046
483 240 612 305 240
1203 245 1717 303 EPISTVLARVM
1837 316 1840 319 ,
2287 239 2395 315 [m.

485 420 588 470 430
616 408 718 473 Ex
762 407 962 472 oculis
1005 428 1215 472 rorem
1225 457 1244 492 ,
1290 409 1506 492 saliet,
1548 407 1777 472 tundet
1816 407 1979 490 pede
2020 409 2272 471 terram.

614 492 707 557 Vt
790 493 858 556 ui
904 492 1200 556 conducti
1241 493 1502 577 plorant
1543 492 1614 556 in
1656 492 1907 575 funere,
1955 491 2173 556 dicunt

613 575 704 640 Et
772 576 989 640 aciunt
1028 597 1145 661 pro
1194 596 1228 640 e
1270 577 1458 660 plura
1500 575 1862 640 dolentibus
1908 597 1987 640 ex
2029 575 2273 657 anime,
2320 571 2400 639 sic

613 659 877 724 Derisor
918 681 1068 724 vero
1111 682 1155 745 p
1182 682 1255 724 us
1299 660 1630 725 laudatore
1672 662 1980 724 movetur.

613 744 823 829 Reges
869 743 1163 808 dicuntur
1204 745 1424 809 multis
1466 764 1736 831 urguere
1781 743 2031 808 culullis

485 840 586 890 435
617 828 706 892 Et
747 831 1043 912 torquere
1085 849 1260 893 mero
1277 878 1293 910 ,
1343 850 1531 913 quem
1573 827 1971 912 perspexisse
2014 827 2337 910 laborant,

613 914 722 976 An
766 912 852 976 sit
893 912 1175 977 amicitia
1218 913 1481 998 dignus3
1527 912 1583 976 si
1626 912 1911 977 carmina
1956 911 2191 976 condes
2204 959 2223 995 ,

613 996 980 1094 Numquam
1021 1000 1087 1061 te
1129 997 1361 1061 fallant
1403 997 1601 1061 animi
1644 997 1762 1061 sub
1806 997 1994 1080 volpe
2037 995 2326 1060 latentes.

616 1080 926 1157 Quintllio
972 1081 1181 1165 siquid
1222 1081 1553 1164 recitares,
1600 1080 1870 1165 ‘corrige
1879 1129 1898 1164 ,
1945 1079 2160 1163 sodes,

613 1164 779 1229 Hoe'
825 1165 1036 1230 aiebat
1080 1169 1170 1228 ‘et
1208 1164 1377 1229 hoe.'
1465 1164 1697 1229 Melius
1737 1167 1805 1228 te
1846 1185 2035 1248 posse
2077 1184 2369 1248 negares,

484 1260 588 1310 440
615 1248 729 1314 Bis
772 1251 994 1333 terque
1038 1252 1369 1332 expertum
1409 1249 1678 1314 frustra:
1725 1248 1934 1313 delere
1976 1248 2237 1312 iubebat

613 1332 703 1398 Et
743 1333 910 1397 male
951 1335 1244 1398 tornatos
1286 1333 1505 1398 incudi
1546 1332 1808 1398 reddere
1849 1353 2089 1397 versus,

616 1416 686 1482 Si
729 1416 1067 1482 defendere
1111 1416 1414 1482 delictum
1457 1438 1645 1501 quam
1684 1419 1930 1481 vertere
1971 1417 2225 1500 malles,

582 1501 678 1567 ’Ν
678 1501 876 1566 ullum
954 1501 1124 1566 ultra
1196 1502 1462 1566 verbum
1534 1503 1647 1565 aut
1710 1522 1978 1600 ‚operam
2052 1499 2403 1565 insumebat

1703 1606 1988 1668 manem,

615 1668 786 1744 Quin
830 1669 966 1734 sine
1008 1669 1194 1733 rivali
1237 1672 1426 1754 teque
1470 1671 1535 1734 et
1575 1672 1690 1734 tua
1731 1670 1903 1734 solus
1948 1689 2211 1733 amares.

485 1764 587 1816 445
616 1752 736 1817 Vir
776 1753 981 1818 bonus
1012 1756 1077 1818 et
1117 1753 1397 1838 prudens
1437 1775 1654 1818 versus
1697 1753 2120 1838 reprehendet
2158 1753 2399 1836 inertes,

617 1836 918 1921 Culpabit
960 1838 1149 1903 duros
1162 1887 1181 1922 ,
1232 1838 1577 1923 incomptis
1621 1838 1860 1902 adlinet
1902 1840 2111 1902 atrum

615 1921 1003 1986 Transverso
1051 1923 1294 1988 calamo
1342 1923 1626 2008 signum,
1671 1922 2010 1988 ambitiosa
2049 1921 2288 1987 recidet

617 2005 1007 2071 Ornamenta
1079 2030 1307 2091 parum
1351 2007 1538 2073 claris
1582 2007 1789 2073 lucem
1834 2006 1983 2073 dare
2028 2009 2243 2105 coget,

615 2091 866 2177 Arguet
906 2111 1010 2155 am
1055 2091 1076 2154 i
1168 2112 1202 2156 e
1246 2092 1486 2159 dictum
1495 2140 1514 2175 ‚
1557 2092 1866 2156 mutanda
1905 2093 2159 2156 notab1t
2170 2140 2189 2175 ‚

488 2185 591 2236 450
619 2174 762 2239 Fiet
803 2114 1240 2260 Aristarcffis3
1286 2196 1421 2240 non
1464 2175 1632 2241 dicet
1676 2185 1812 2241 ‘cur
1855 2197 1976 2261 ego
2021 2177 2293 2241 amicum

619 2258 953 2323 Offendam
995 2260 1066 2323 in
1107 2260 1299 2344 nugis
1308 2260 1368 2323 ‘2²'
1439 2259 1579 2324 Hae
1622 2281 1832 2345 nugae
1877 2261 2043 2325 seria
2086 2260 2315 2325 ducent

614 2341 696 2407 In
737 2344 908 2407 mala
951 2342 1226 2408 derisum
1271 2345 1466 2408 semel
1510 2348 1966 2429 exceptumque
2010 2344 2281 2409 sinistre.

614 2426 706 2491 Vt
747 2428 918 2491 mala
959 2448 1147 2511 quem
1190 2428 1433 2493 scabies
1478 2430 1589 2493 aut
1625 2429 1886 2493 morbus
1928 2429 2142 2515 regius
2184 2429 2399 2515 urguet

616 2512 752 2575 Aut
792 2511 1106 2577 fanaticus
1151 2533 1327 2577 error
1370 2516 1435 2577 et
1476 2512 1781 2577 iracunda
1820 2512 2060 2598 Diana,

490 2607 590 2659 455
620 2595 948 2660 Vesanum
989 2596 1280 2681 tetigisse
1322 2596 1553 2662 timent
1593 2597 1973 2683 fugiuntque
2014 2601 2293 2682 poetam,

618 2680 742 2756 Qui
785 2680 1067 2764 sapiunt·
1121 2680 1377 2765 agitant
1415 2681 1596 2765 pueri
1638 2680 2004 2766 incautique
2047 2684 2397 2766 sequuntur.

615 2762 741 2829 Hic
785 2763 937 2829 dum
980 2730 1268 2830 sublimis
1312 2786 1529 2830 versus
1572 2768 1857 2830 ructatur
1900 2768 1966 2830 et
2008 2770 2204 2851 errat,

619 2848 688 2914 Si
729 2848 928 2913 veluti
970 2849 1229 2914 merulis
1272 2849 1558 2915 intentus
1603 2849 1838 2914 decidit
1880 2872 2111 2936 auceps

616 2932 696 2996 In
737 2936 1002 3016 puteum
1044 2933 1400 3017 foveamve,
1446 2934 1597 2999 licet
1641 2935 2037 3000 ‘succurrite’
2081 2936 2144 3000 lo

491 3029 592 3080 460
623 3016 870 3082 Clamet
914 3018 1000 3081 ‘io
1047 3017 1269 3101 civeS,'
1315 3038 1449 3082 non
1491 3019 1577 3083 sit
1619 3019 1729 3102 qui
1769 3019 1998 3085 tollere
2042 3024 2232 3086 curet.

619 3100 689 3167 Si
734 3103 912 3168 curet
954 3101 1096 3185 quis
1141 3122 1330 3186 opem
1372 3102 1537 3166 ferre
1580 3105 1645 3167 et
1688 3102 2019 3169 demittere
2061 3104 2306 3189 funem,

619 3184 769 3261 ‘Qui
813 3185 967 3269 scie,
1012 3207 1096 3249 an
1136 3186 1414 3271 prudens
1458 3186 1583 3251 huc
1627 3208 1694 3252 se
1735 3188 2075 3271 proiecerit
2116 3193 2299 3274 atque

620 3269 871 3335 Servari
911 3268 1145 3334 nolit‘P
1193 3270 1398 3335 dicam
1443 3270 1762 3355 Siculique
1806 3275 2032 3357 poetae

616 3352 909 3419 Narrabo
951 3353 1298 3419 interitum.
1385 3353 1560 3420 Deus
1604 3355 1964 3422 inmortalis
2006 3357 2225 3423 haberi

493 3450 590 3499 465
619 3436 792 3502 Dum
821 3438 999 3521 cupit
1018 3438 1460 3523 Empedocles,
1492 3439 1817 3505 ardentem
1845 3441 2116 3526 frigidus
2137 3443 2395 3509 Aetnam

617 3519 892 3585 Insiluit.
968 3520 1067 3587 Sit
1107 3522 1205 3585 ius
1249 3522 1560 3606 liceatque
1601 3523 1808 3607 perire
1849 3526 2087 3610 poetis:
