2588 4046
370 244 488 309 136
1110 249 1535 307 sATmARVM
2142 253 2287 326 [1111.

491 412 581 477 Vt
621 413 854 496 mavis,
899 412 1166 478 imitare.
1241 412 1478 479 Beatus
1522 412 1803 479 Fannius
1846 414 2015 479 ultro

493 496 735 561 Delatis
780 498 986 582 capsis
1031 500 1097 563 et
1137 498 1445 583 imagine3
1491 518 1636 563 cum
1677 519 1821 563 mea
1859 519 2048 563 nemo

492 580 627 645 Scri
673 584 741 645 ta
768 580 959 667 legat,
991 582 1185 666 vulgo
1215 582 1484 647 recitare
1512 581 1797 646 timentis
1811 583 1910 647 'ob
1939 582 2106 647 hanc
2132 604 2291 666 rem,

492 604 675 741 Quog
720 668 872 730 sunt
914 686 1073 749 quos
1115 686 1319 751 genus
1362 665 1486 730 hoc
1513 666 1775 814 miqime
1818 667 2020 750 iuvat,
2065 669 2293 751 utpote

1645 772 1789 815 ures

360 846 427 894 25
492 832 754 917 Culpari
798 834 1045 920 dignos.
1137 834 1435 911 Quemvis
1479 773 1688 899 meldia
1731 835 1895 932 elige
1938 835 2150 918 turba,

487 918 623 981 Aut
666 917 748 982 ob
792 919 1123 983 avaritiam
1176 921 1287 984 aut
1339 919 1570 983 misera
1618 918 1965 984 ambitione
2019 919 2292 985 laborat.

488 1000 614 1066 Hic
655 1005 1000 1086 nuptarum
1041 1003 1283 1067 insanit
1323 1002 1676 1086 amoribus,
1719 1002 1826 1068 hic
1914 1025 2237 1088 uerorum3

489 1084 679 1150 Hunc
719 1087 890 1170 capit
931 1087 1180 1171 argenti
1224 1086 1552 1172 splendor3
1599 1090 1815 1171 stupet
1845 1136 1867 1149 r
1903 1087 2068 1152 lbius
2112 1108 2293 1172 aere3

488 1168 612 1234 Hic
655 1172 859 1234 mutat
900 1191 1140 1235 merces
1186 1174 1488 1256 surgente
1530 1192 1568 1235 a
1601 1172 1735 1235 sole
1779 1171 1860 1235 ad
1903 1193 2043 1236 eum
2054 1220 2073 1254 ,
2119 1191 2244 1254 quo

364 1265 429 1314 80
493 1252 877 1337 Vespertina
918 1257 1094 1338 tepet
1134 1255 1343 1340 regi03
1390 1255 1546 1338 quin
1585 1275 1701 1338 per
1734 1254 1903 1319 mala
1944 1276 2243 1339 praeceps

487 1336 742 1421 Fertur,
786 1338 883 1401 uti
925 1339 1131 1422 pulvis
1176 1339 1482 1405 collectus
1525 1339 1812 1420 turbine,
1857 1339 2092 1422 nequid

489 1419 749 1486 Summa
792 1422 1096 1506 deperdat
1136 1427 1428 1488 metuens
1473 1425 1584 1488 aut
1626 1422 1890 1507 ampliet
1929 1424 2003 1486 ut
2047 1444 2201 1487 rem.

493 1505 731 1569 Omnes
774 1505 843 1570 hi
886 1509 1183 1572 metuunt
1224 1528 1471 1590 versus,
1517 1507 1706 1572 odere
1749 1509 2027 1591 poetam.

489 1588 797 1653 ‘Foenum
839 1589 1035 1655 habet
1075 1591 1146 1654 in
1188 1612 1414 1675 cornu,
1461 1592 1654 1689 longe
1697 1591 1880 1675 fuge:
1946 1590 2289 1676 dummodo

1577 1697 1776 1740 nsum

361 1770 427 1819 35
492 1757 798 1823 Excutiat
840 1758 993 1842 sibi,
1037 1781 1171 1824 non
1213 1759 1320 1823 hic
1364 1761 1656 1843 cuiquam
1699 1760 1917 1843 parcet
1957 1758 2190 1841 amico,

486 1842 576 1906 Et
617 1842 1055 1940 quodcumque
1093 1844 1289 1907 semel
1334 1843 1570 1908 chartis
1613 1843 1936 1926 inleverit,
1982 1862 2200 1907 omnes

489 1925 734 1991 Gestiet
776 1947 814 1990 a
855 1926 1043 1991 furno
1088 1927 1426 1992 redeuntes
1471 1927 1632 1992 scire
1676 1927 1940 2010 lacuque

485 2009 575 2074 Et
612 2032 839 2095 pueros
871 2013 933 2076 et
965 2018 1167 2077 anus!
1215 2012 1532 2097 Agedum,
1561 2033 1762 2097 pauca
1801 2011 2015 2095 accipe
2045 2013 2288 2076 contra.

487 2094 771 2159 Primum
831 2115 952 2180 ego
1005 2117 1108 2160 me
1161 2096 1449 2181 illorum,
1517 2097 1796 2161 dederim
1864 2095 2092 2179 quibus
2147 2116 2292 2160 esse

1575 2181 1782 2264 poetis
1795 2229 1814 2263 ,

355 2274 425 2324 40
488 2262 843 2346 Excerpam
871 2285 1136 2329 numero
1154 2285 1406 2348 :,neque
1437 2265 1608 2329 enim
1631 2264 2006 2330 concludere
2034 2285 2290 2329 versum

482 2346 736 2411 Dixeris
781 2369 917 2412 esse
962 2349 1143 2432 satis3
1202 2369 1408 2431 neque
1484 2349 1650 2432 siqui
1692 2348 1928 2414 scribat
1968 2348 2065 2412 uti
2105 2368 2225 2412 nos

484 2429 776 2496 Semoni
818 2432 1144 2529 propiora,
1188 2435 1375 2516 putes
1419 2398 1590 2497 bunc
1634 2454 1770 2497 esse
1812 2435 2086 2516 poetam.

481 2513 821 2598 Ingenium
864 2537 966 2580 cul
1010 2516 1123 2599 sit,
1171 2517 1272 2581 cui
1317 2537 1498 2581 mens
1545 2516 1817 2582 divinior
1860 2519 2048 2663 atque
2091 2536 2163 2580 os

481 2597 721 2695 Magna
763 2602 1162 2683 sonaturum,
1222 2600 1332 2665 des
1386 2600 1665 2665 nominis
1718 2600 1906 2664 huius
2000 2620 2285 2665 onorem.

349 2692 418 2742 45
482 2681 728 2748 Idc1rco
774 2683 1061 2767 quidam,
1108 2684 1438 2749 comoedia
1479 2706 1682 2750 necne
1724 2705 1953 2768 poema

480 2765 700 2849 Esset,
791 2768 1112 2833 uaesivere
1189 2768 1360 2851 quod
1404 2788 1551 2833 acer
1593 2769 1854 2866 spiritus
1897 2789 1971 2833 ac
2014 2768 2109 2833 vis

478 2848 544 2917 N
546 2871 616 2915 ec
660 2872 769 2914 ver
814 2851 868 2915 is
899 2873 1018 2935 nec
1044 2816 1234 2917 rebus
1278 2853 1477 2936 inest,
1520 2852 1649 2917 nisi
1734 2852 1863 2917 uod
1905 2852 2065 2936 pede
2109 2854 2290 2916 certo

476 2932 711 2997 Differt
753 2936 1062 3018 sermoni,
1109 2957 1318 3000 sermo
1361 2958 1591 3002 merus.
1679 2873 1792 2999 Qt
1832 2939 2012 3020 pater
2055 2935 2288 3001 ardens

478 3014 718 3101 Saevit,
764 3019 934 3101 quod
976 3021 1309 3085 meretrice
1350 3041 1551 3105 nepos
1595 3020 1857 3084 insanus
1902 3019 2104 3083 amica

348 3111 416 3162 ⁶0
478 3099 680 3165 Filius
722 3123 989 3167 uxorem
1030 3103 1259 3188 grandi
1306 3125 1450 3169 cum
1495 3105 1642 3169 dote
1683 3108 1962 3186 recuset,

474 3184 711 3250 Ebrius
758 3188 852 3270 et,
897 3208 960 3250 m
1094 3209 1200 3252 um
1246 3188 1417 3271 quod
1461 3188 1761 3270 dedecus,
1809 3187 2091 3252 ambulet
2133 3190 2289 3254 ante

474 3268 751 3334 Noctem
797 3291 943 3335 cum
1013 3272 1276 3336 acibus?
1354 3272 1683 3356 Numquid
1711 3271 2106 3356 Pomponius
2138 3272 2290 3337 istis

474 3353 746 3417 Audiret
787 3353 1057 3438 leviora,
1101 3358 1282 3438 pater
1325 3356 1381 3420 si
1423 3356 1710 3421 viveret?
1775 3355 1953 3441 Ergo

475 3435 629 3501 Non
671 3437 826 3502 satis
872 3442 971 3502 est
1058 3439 1190 3503 uris
1234 3461 1488 3504 versum
1530 3439 1923 3523 perscribere
1966 3439 2208 3523 verbis,

346 3530 412 3581 55
483 3518 684 3595 Quem
729 3521 784 3586 si
830 3520 1001 3587 disso
1030 3544 1170 3606 vas,
1216 3523 1422 3607 quivis
1467 3523 1897 3588 stomachetur
1940 3523 2159 3589 eodem
