2588 4046
152 248 337 323 xvm]
927 247 1141 302 LmER
1182 246 1226 304 1.
1963 240 2037 304 17

935 479 1196 553 XVIII.

158 610 409 694 Nullam,
454 611 655 693 Vare,
702 631 881 675 sacra
924 611 1052 674 vite
1094 611 1271 694 prius
1318 610 1551 674 severis
1597 610 1887 674 arborem

160 692 310 758 Circa
347 694 498 758 mite
541 695 751 758 solum
794 694 1047 758 Tiburis
1094 697 1158 758 et
1199 693 1455 758 moenia
1500 690 1719 778 Catili3

161 775 321 842 Siccis
363 779 579 842 omnia
620 799 769 842 nam
813 778 970 842 dura
1015 777 1167 842 deus
1257 777 1548 861 roposuit
1576 800 1784 860 neque

160 859 447 926 Mordaces
494 863 679 926 aliter
723 861 1067 947 diffugiunt
1110 801 1588 926 solficitudines.

159 994 283 1070 Quis
293 999 434 1080 post
451 996 604 1061 vina
616 1017 876 1093 gravem
888 996 1182 1060 militiam
1201 997 1313 1059 aut
1323 996 1691 1078 pauperiem
1705 995 1962 1077 crepat?
2007 1007 2040 1056 6

159 1078 283 1153 Quis
293 1101 420 1144 non
433 1083 498 1144 te
510 1082 745 1164 potius,
759 1079 1010 1144 Bacche
1023 1081 1220 1176 pater,
1234 1081 1442 1162 teque,
1458 1078 1688 1142 decens
1701 1077 1919 1142 Venus
1929 1077 1962 1141 ⁴?

158 1163 227 1226 At
267 1163 482 1247 nequis
527 1163 760 1228 modici
803 1163 1126 1228 transiliat
1168 1183 1434 1227 munera
1476 1161 1717 1245 Liberi,

158 1245 476 1312 Centaurea
517 1252 739 1311 monet
781 1269 923 1312 cum
968 1246 1260 1330 Lapithis
1304 1247 1443 1310 rixa
1487 1267 1675 1329 super
1717 1266 1891 1309 mero

158 1377 457 1445 Debellata
467 1430 487 1465 ,
532 1384 751 1451 monet
795 1381 1105 1447 Sithoniis
1147 1402 1282 1445 non
1325 1381 1481 1445 levis
1524 1379 1800 1463 Euhius,

159 1461 293 1527 Cum
329 1465 422 1529 fas
468 1468 659 1548 atque
700 1465 880 1530 nefas
926 1466 1153 1550 exiguo
1198 1465 1324 1528 fine
1366 1463 1704 1528 libidinum
1981 1476 2045 1526 10

158 1541 507 1614 Discernunt
544 1549 730 1614 avidi.
798 1548 952 1614 Non
982 1570 1100 1634 ego
1145 1551 1239 1632 te,
1286 1547 1553 1612 candide
1582 1548 1917 1631 Bassareu,

159 1628 400 1696 Invitum
443 1634 724 1716 quatiam
796 1654 916 1697 nec
959 1633 1149 1697 variis
1195 1632 1405 1696 obsita
1447 1632 1780 1696 frondibus

165 1761 270 1827 Sub
309 1766 513 1831 divum
556 1768 817 1851 rapiam.
907 1767 1108 1851 Saeva
1149 1769 1297 1831 tene
1342 1788 1486 1832 cum
1527 1766 1907 1849 Berecyntio

168 1844 347 1914 Cornu
371 1853 693 1935 tympana,
724 1872 884 1934 quae
915 1851 1319 1934 subsequitur
1346 1871 1567 1916 caecus
1599 1871 1777 1914 amor
1801 1850 1916 1934 sui,

169 1926 238 1993 Et
271 1934 487 2016 tollens
531 1957 800 1999 vacuum
840 1936 985 2019 plus
1027 1936 1227 1999 nimio
1272 1935 1480 2018 gloria
1520 1935 1849 2019 verticem,
1981 1946 2043 1996 15

168 2013 484 2102 Arcanique
527 2019 682 2084 fides
727 2019 1027 2105 prodiga,
1072 2018 1455 2104 perlucidior
1497 2019 1681 2085 vitro,

932 2359 1228 2433 XVHH.

173 2480 341 2551 Mater
385 2510 566 2554 saeva
612 2488 996 2588 Cupidinum

239 2568 677 2658 Thebanaeque
721 2574 897 2639 lubet
938 2595 1040 2637 me
1087 2573 1366 2639 Semeles
1410 2595 1567 2658 puer

177 2647 246 2714 Et
280 2654 497 2722 lasciva
537 2657 826 2723 Licentia

239 2734 442 2805 Finitis
485 2742 771 2807 animum
812 2742 1070 2806 reddere
1117 2742 1457 2806 amoribuS.

175 2864 293 2933 Vrit
328 2894 420 2939 me
463 2876 769 2959 Glycerae
811 2877 1010 2959 nitor,
2015 2891 2047 2939 5

242 2951 618 3050 Splendentis
664 2960 850 3024 Pario
895 2981 1211 3024 marmore
1252 2961 1501 3045 purius;
1693 2959 1701 2968 '

177 3031 294 3101 Vnt
328 3045 499 3125 grata
540 3046 920 3128 protervitas

241 3118 317 3185 Et
350 3127 550 3192 voltus
594 3128 863 3193 nimium
912 3128 1192 3193 lubricus
1239 3128 1501 3213 adspiei.

178 3248 240 3315 In
273 3277 362 3323 me
399 3263 534 3326 tota
574 3284 767 3327 ruens
809 3262 1027 3327 Venus

245 3336 497 3425 Cyprum
540 3346 846 3430 deseruit,
890 3369 1009 3412 nec
1053 3348 1293 3431 patitur
1338 3346 1605 3431 Scythas
1987 3359 2050 3408 10

180 3415 249 3483 Et
279 3430 456 3493 versis
499 3432 856 3495 animosum
901 3432 1075 3515 equis

245 3503 519 3578 Parthum
563 3515 798 3599 dicere,
842 3536 962 3581 nec
1006 3537 1165 3599 quae
1208 3516 1372 3581 nihil
1416 3518 1708 3582 attinent.

262 3607 490 3660 nou-sm,
1713 3622 1746 3671 2
