2588 4046
1371 880 1497 958 III.

1276 1058 1617 1132 INDEX

837 1217 1420 1281 GRAMMATICVS
1465 1218 1569 1279 ET
1615 1215 2038 1279 METRICVS.

619 1404 907 1461 Vocabula
952 1404 1223 1459 asterisco
1267 1406 1471 1460 notata
1513 1405 1611 1458 aut
1655 1405 1799 1460 ἅπαξ
1855 1404 2118 1472 εἰρημένα
2166 1406 2267 1458 aut
2310 1421 2402 1459 ra·

476 1478 642 1532 ritate
687 1493 817 1531 usus
856 1477 998 1531 ἅπαξ
1035 1475 1346 1543 εἰρημένοι(
1380 1474 1682 1529 simillima.
1713 1504 1783 1515 --
1810 1475 1894 1529 Ea
1939 1474 2281 1544 sumpsimus
2332 1491 2405 1530 ex

475 1548 669 1604 libello
720 1547 776 1603 C.
828 1545 1265 1616 Zangemeisteri
1316 1546 1387 1603 de
1432 1544 1654 1601 Horatii
1707 1545 1943 1599 vocibus
1998 1544 2402 1615 singularibus,

477 1620 657 1676 Berol.
697 1635 746 1673 a.
788 1623 924 1674 1862
965 1616 1135 1671 edito,

477 1793 817 1860 Abludere*,
856 1810 898 1847 s.
936 1793 1005 1858 II,
1043 1799 1093 1858 3,
1130 1797 1252 1847 320.

478 1863 818 1932 abnormis*,
856 1881 899 1919 s.
937 1863 1007 1931 ΙΙ,
1044 1868 1095 1929 2,
1134 1868 1181 1918 3.

442 1934 700 2001 .absto*,
739 1950 825 2003 ep.
865 1933 934 2001 H,
972 1940 1023 2001 3,
1062 1939 1181 1988 362.

479 2023 545 2062 ac
572 2022 687 2061 non
712 2003 962 2076 positum
980 2005 1109 2058 ante
1128 2005 1381 2074 guttura-

547 2077 631 2132 les
659 2076 812 2147 apud
834 2076 994 2144 Hor.;
1025 2076 1129 2130 cet.
1163 2075 1230 2129 cf.
1261 2075 1315 2131 d.
1334 2093 1379 2129 r.

546 2166 619 2202 m.
658 2153 780 2203 895.

480 2234 545 2272 ac
581 2218 674 2272 vel
711 2219 879 2285 atque
916 2231 1017 2286 pro
1048 2233 1218 2285 quam
1249 2217 1383 2285 post

550 2286 977 2413 {⁰mffaia533*
1002 2286 1113 2412 ’ᾖξ’
1144 2291 1380 2428 ἓξὸὶὲ

588 2401 599 2413 .
693 2401 704 2412 .
791 2398 804 2423 ,
944 2398 957 2425 ,
1090 2399 1102 2413 .
1234 2399 1245 2412 .
1368 2400 1383 2427 ,

551 2435 583 2483 5
612 2427 684 2481 al.

481 2497 831 2554 accusativus
848 2514 974 2552 cum
988 2496 1271 2553 infinitivo
1281 2514 1385 2568 per

549 2567 1047 2638 interrogationem
1062 2567 1182 2623 sive
1202 2569 1384 2624 excla-

550 2640 857 2694 mationem
914 2637 1234 2693 mirabundi
1288 2639 1383 2694 vel

548 2710 739 2781 potius
792 2708 1226 2779 indignabundi,
1293 2726 1380 2778 ep.

554 2788 639 2850 11,
680 2788 765 2848 11,
805 2786 887 2836 12.
928 2780 1071 2848 s.11,
1099 2787 1150 2848 2,
1179 2786 1246 2835 29
1294 2787 1380 2835 30.

553 2857 604 2919 4,
644 2856 730 2918 ss,
769 2857 853 2906 84.
893 2855 944 2920 s,
982 2856 1068 2919 67,
1105 2855 1173 2906 ss
1211 2822 1283 2907 ai.

482 2920 762 2990 Achilles,
828 2920 896 2976 of.
963 2923 1021 2975 et
1083 2937 1127 2977 s.
1173 2937 1266 2975 -e1.
1315 2952 1383 2963 —

530 2992 807 3059 Achillen,
828 3008 878 3045 v.
890 2992 1031 3061 prol.
1046 2991 1118 3044 ad
1130 3008 1174 3046 c.
1188 2992 1257 3058 II,
1267 2998 1320 3060 4,
1331 2998 1381 3046 4.

477 3062 747 3118 adlaboro
758 3063 807 3130 *‚
828 3079 874 3117 c.
895 3061 937 3128 I,
958 3067 1044 3129 38,
1062 3068 1109 3116 5.
1124 3078 1209 3131 ep.
1223 3066 1274 3131 8,
1297 3068 1380 3117 20.

478 3133 712 3200 adsuo*,
758 3149 844 3201 ep.
882 3133 952 3200 H,
991 3139 1042 3200 3,
1083 3139 1167 3187 16.

478 3203 882 3269 aesculetum*,
913 3218 957 3257 c.
987 3203 1032 3273 Ι,
1058 3209 1144 3269 22,
1166 3208 1249 3258 14.
1280 3203 1381 3257 sed

549 3272 618 3327 cf.
660 3272 918 3341 Zangem.
957 3290 1050 3342 pg.
1093 3279 1174 3330 12.

479 3341 883 3400 allitteratione
909 3359 1024 3397 non
1050 3342 1231 3397 utitur
1246 3343 1379 3399 Hor.

543 3412 655 3466 nisi
683 3412 744 3466 in
772 3412 1027 3467 formulis
1047 3413 1382 3481 quibusdam

546 3481 858 3536 dictionum
885 3481 1003 3536 sive
1028 3483 1377 3538 cumulandis

1558 1791 1744 1846 verbis
1783 1807 1976 1846 sensus
2008 1792 2165 1862 paris
2192 1793 2291 1848 vel
2327 1795 2399 1848 si-

1557 1862 1736 1931 milis,
1784 1861 1955 1930 idque
1991 1878 2238 1933 perraro.
2312 1864 2402 1920 ita

1557 1932 1734 1986 habes
1776 1933 1951 1988 ‘more
1981 1933 2306 2003 modoque',
2345 1953 2392 1992 c.

1556 2003 1681 2073 1111,
1710 2009 1761 2071 2,
1789 2008 1874 2059 28.
1918 2004 1935 2031 ‘
1983 2004 2190 2060 atriam
2214 2022 2390 2077 popu-

1557 2074 1830 2144 lumque'‚
1859 2090 1905 2130 c.
2066 2083 2118 2145 6,
2147 2083 2230 2132 20.
2273 2079 2387 2147 ‘pa⁴

1557 2146 1646 2199 ter
1691 2147 1859 2214 atque
1903 2145 2211 2217 princeps’,
2258 2164 2303 2202 c.
2343 2148 2390 2215 Ι,

1559 2222 1620 2284 2,
1657 2221 1742 2270 50.
1829 2216 2030 2272 ‘maius
2074 2218 2393 2289 meliusve',

1556 2302 1603 2340 o.
1625 2286 1750 2353 ΙΠΙ,
1777 2292 1829 2355 2,
1859 2293 1944 2342 37.
1983 2288 2053 2343 cf.
2085 2290 2146 2343 et
2171 2289 2223 2345 d.
2253 2308 2296 2345 r.
2318 2308 2393 2344 m.

1557 2361 1876 2412 452—455.

1487 2426 1683 2496 almus,
1719 2428 1993 2496 τρόφιμος
2057 2445 2099 2484 s.
2126 2428 2197 2498 11,
2223 2435 2276 2500 4,
2310 2436 2394 2485 13.

1560 2498 1628 2553 cf.
1666 2498 1850 2553 Bentl.
1891 2499 1964 2553 ad
2001 2471 2059 2555 ἰι.
2096 2518 2148 2554 v.

1489 2569 1820 2624 alterutrum
1839 2611 1853 2637 ‚
1951 2586 2065 2624 non
2153 2570 2394 2625 alterum

1557 2640 1769 2709 utrum,
1816 2656 1903 2709 ep.
1950 2640 2002 2709 Ι,
2052 2646 2143 2710 13,
2196 2648 2282 2697 64.
2321 2641 2392 2699 cf.

1558 2709 1612 2765 d.
1649 2727 1694 2763 r.
1731 2727 1804 2763 m.
1842 2716 1964 2766 386.

1490 2779 1828 2849 ampullor*,
1866 2797 1952 2851 ep.
1990 2781 2032 2850 Ι,
2071 2788 2122 2851 3,
2164 2788 2245 2838 14.

1488 2851 1763 2919 Alyattes,
1804 2850 1873 2906 cf.
1913 2868 1957 2906 s.
1993 2852 2091 2906 -ei.

1487 2920 1782 2989 amystis*,
1820 2938 1865 2976 c.
1903 2921 1945 2990 I,
1983 2929 2072 2992 36,
2112 2929 2194 2979 14.

1488 2991 1845 3059 anciliorum,
1885 3008 1928 3047 c.
1969 2992 2066 3062 ΙΠ,
2105 3000 2155 3061 5,
2196 3000 2276 3048 10.

1490 3062 1715 3130 anthemo,
1745 3079 1790 3119 c.
1810 3063 1853 3133 I,
1873 3069 1959 3133 37,
1982 3069 2030 3120 5.
2069 3063 2156 3118 ita
2173 3080 2389 3136 semper

1557 3134 1787 3188 veteres.

1487 3201 1693 3273 antire,
1740 3220 1785 3259 o.
1833 3204 1885 3272 I,
1930 3211 2025 3273 35,
2067 3211 2131 3260 17
2171 3206 2243 3260 al.
2307 3205 2393 3260 ita

1559 3290 1778 3355 semper
1857 3277 2062 3344 poetae
2139 3276 2387 3332 Ausonio

1557 3360 1786 3414 priores.

1485 3415 1731 3483 Apulus,
1768 3414 1978 3485 Apulia
2012 3415 2218 3485 ubique
2262 3433 2388 3486 pro·

1558 3484 1771 3539 ducunt
1804 3485 2072 3576 pr'ffnamg
2117 3487 2296 3543 altera
2327 3488 2389 3541 in
