2588 4046
143 259 231 332 [1.]
699 252 1125 316 sATmARVM
1165 260 1381 316 LIBER
1424 260 1495 317 11.
1947 254 2068 319 155

142 421 373 487 Castor
414 420 651 506 gaudet
695 423 903 506 equiS,
949 443 1068 487 ovo
1112 425 1466 508 prognatus
1511 420 1736 486 eodem

138 504 414 590 Pugnis3
463 508 617 589 quot
659 506 940 590 capitum
980 506 1204 570 vivunt
1275 506 1545 570 totidem
1589 505 1942 570 studiorum

139 589 350 653 Milia:
395 610 498 654 me
540 590 808 673 pedibus
854 590 1126 655 delectat
1169 554 1458 655 cfaudere
1500 590 1695 654 verba

137 673 346 738 Lucili
389 673 544 757 ritu,
588 676 880 739 nostrum
922 674 1206 739 melioris
1245 676 1534 758 utroque.

137 756 258 822 Ille
300 757 477 821 velut
516 758 660 821 fidis
704 779 937 823 arcana
980 757 1306 823 sodalibus
1357 758 1511 822 olim
2003 768 2069 820 30

139 841 459 907 Credebat
500 841 678 905 libris
692 891 710 926 ‚
752 863 960 926 neque
1005 842 1060 907 si
1102 842 1267 906 male
1312 844 1591 907 cesserat
1631 863 1901 925 usquam

138 925 499 990 Decurrens
540 926 697 1009 alic,
742 947 948 1024 neque
979 926 1035 990 si
1076 926 1269 991 bene:
1316 946 1441 1009 quo
1485 927 1588 1009 fit,
1632 929 1707 989 ut
1736 926 1943 990 omnis

138 1010 378 1075 Votiva
419 1011 635 1094 pateat
675 1010 875 1075 veluti
920 1010 1237 1094 descripta
1278 1010 1517 1074 tabella

139 1094 293 1159 Vita
352 1094 539 1159 senis.
628 1092 872 1178 Sequor
924 1093 1124 1177 hunc,
1179 1093 1474 1158 Lucanus
1527 1115 1612 1159 an
1658 1095 1909 1178 Apulus
1922 1143 1941 1179 ,

1359 1199 1516 1243 ance
1564 1199 1624 1243 s:

139 1263 307 1329 Nam
335 1262 702 1328 Venusinus
732 1265 872 1326 arat
897 1262 1091 1327 finem
1126 1263 1242 1327 sub
1275 1200 1614 1347 utrumqlixe
1644 1262 1938 1346 colonus,
2003 1275 2069 1325 35

140 1347 375 1412 Missus
405 1346 486 1412 ad
513 1346 636 1412 hoc
678 1346 911 1431 pulsiS‚
957 1349 1138 1411 vetus
1168 1349 1266 1411 est
1292 1350 1366 1410 ut
1392 1347 1593 1431 fama,
1640 1346 1941 1430 Sabellis,

143 1431 278 1507 Quo
323 1452 407 1495 ne
449 1452 565 1515 per
605 1451 875 1495 vacuum
917 1430 1208 1496 Romano
1251 1432 1605 1495 incurreret
1645 1430 1878 1513 hostis,

144 1514 285 1581 Sive
330 1516 502 1599 quod
543 1515 759 1599 Apula
801 1536 961 1600 gens
1006 1536 1118 1579 seu
1162 1515 1333 1598 quod
1375 1514 1658 1581 Lucania
1700 1515 1937 1579 bellum

143 1599 465 1665 Incuteret
491 1600 789 1664 violenta.
865 1597 990 1663 Sed
1018 1598 1124 1664 hic
1154 1599 1337 1663 stilus
1365 1598 1488 1663 hau
1520 1602 1704 1681 petet
1746 1599 1920 1663 ultro

145 1683 536 1768 Quemquam
558 1684 969 1766 animantem,
1001 1686 1065 1748 et
1084 1704 1187 1748 me
1209 1683 1404 1747 veluti
1438 1683 1754 1748 custodiet
1775 1683 1944 1747 ensis
2002 1695 2070 1744 40

145 1767 395 1854 Vagina
436 1771 672 1833 tectus:
728 1788 918 1852 quem
961 1787 1074 1832 cur
1117 1766 1510 1852 destringere
1555 1788 1749 1832 coner

146 1852 341 1919 Tutus
386 1852 468 1916 ab
511 1852 761 1917 infestis
805 1851 1205 1917 latronibus?
1297 1850 1351 1916 O
1396 1855 1578 1948 pater
1622 1855 1688 1916 et
1726 1872 1839 1916 rex

146 1935 458 2021 Iuppiter,
502 1938 576 2000 ut
616 1938 836 2020 pereat
876 1935 1157 2019 positum
1198 1934 1496 2034 robigme
1539 1936 1771 2019 telum,

146 2019 276 2088 Nec
322 2022 657 2106 quisquam
684 2023 917 2086 noceat
944 2020 1173 2104 cupido
1202 2018 1363 2084 miln
1404 2019 1609 2104 pacis!
1668 2020 1760 2084 At
1801 2020 1941 2105 ille,

247 2107 260 2120 ‘
305 2128 409 2171 me
455 2106 773 2170 conmorit
815 2105 1068 2189 (melius
1108 2126 1245 2170 non
1287 2107 1588 2190 tangere,
1634 2104 1902 2190 clamo),
2001 2115 2067 2167 45

125 2196 142 2209 '⁷
221 2192 351 2256 ebit
394 2193 460 2255 et
501 2189 777 2274 insignis
819 2191 959 2254 tota
1001 2188 1364 2254 cantabitur
1403 2189 1582 2255 urbe⁶

154 2272 405 2339 Cervius
449 2274 648 2338 iratus
691 2274 869 2358 leges
912 2273 1244 2338 minitatur
1286 2280 1352 2337 et
1391 2295 1649 2358 urnam,

155 2356 411 2423 Canidia
452 2357 708 2440 Albuci,
755 2356 985 2440 quibus
1029 2361 1127 2422 est
1168 2357 1457 2441 inimica,
1504 2379 1849 2442 venenum,

155 2441 399 2508 Grande
441 2443 681 2506 malum
724 2441 981 2525 Turius,
1028 2441 1236 2525 siquid
1281 2463 1349 2507 se
1391 2441 1599 2507 iudice
1643 2445 1866 2507 certes.

153 2525 243 2589 Vt
282 2548 400 2611 quo
487 2526 711 2610 uisque
753 2526 924 2590 valet
966 2527 1294 2610 suspectos
1335 2528 1601 2610 terreat,
1646 2529 1841 2610 utque
2003 2537 2071 2587 50

153 2609 423 2694 Imperet
514 2631 589 2675 oc
631 2612 859 2675 natura
900 2612 1160 2693 potens,
1206 2610 1299 2675 sic
1343 2610 1574 2695 collige
1616 2631 1886 2674 mecum.

153 2693 355 2760 Dente
381 2696 570 2779 lupus
582 2742 601 2778 ,
648 2715 847 2759 cornu
886 2696 1107 2759 taurus
1136 2694 1327 2778 petit:
1372 2694 1571 2777 unde,
1599 2693 1726 2758 nisi
1769 2694 1942 2758 intus

154 2777 617 2844 Monstratum?
706 2777 979 2843 Scaevae
1020 2778 1306 2843 vivacem
1349 2778 1532 2842 crede
1573 2778 1797 2861 nepoti

155 2861 444 2929 Matrem:
489 2863 584 2927 nil
626 2862 820 2926 faciet
862 2861 1116 2945 sceleris
1159 2863 1268 2946 pia
1313 2862 1571 2926 dextera
1611 2861 1899 2949 (mm,

155 2945 246 3011 Vt
268 2969 465 3033 neque
494 2947 667 3012 calce
696 2947 883 3030 lupus
925 2967 1306 3030 quemquam
1332 2968 1538 3116 ngqtge
1567 2946 1754 3011 dente
1783 2946 1948 3030 petit
2004 2959 2068 3008 55

1406 3052 1477 3095 os
1521 3055 1536 3071 ·

160 3115 276 3180 Sed
315 3119 478 3182 mala
520 3117 707 3180 tollet
747 3137 940 3179 anum
983 3115 1207 3179 vitiato
1250 3115 1440 3180 melle
1485 3081 1710 3180 cicuta.

158 3198 256 3263 Ne
292 3201 554 3286 longum
596 3200 859 3265 faciam:
905 3221 1017 3264 seu
1058 3221 1161 3265 me
1203 3199 1546 3283 tranquilla
1589 3202 1879 3264 senectus

160 3281 492 3368 Exspectat
534 3306 646 3350 seu
687 3305 861 3349 mors
905 3283 1061 3348 atris
1106 3283 1522 3348 circumvolat
1563 3284 1681 3347 alis
1694 3333 1713 3367 ,

160 3364 372 3453 Dives,
411 3370 628 3453 inop8‚
672 3368 944 3452 Romae,
990 3389 1102 3433 seu
1139 3368 1274 3433 fors
1317 3368 1411 3432 ita
1437 3368 1691 3432 iusserit
1734 3369 1943 3450 exsul,

163 3448 444 3536 Quisquis
475 3454 595 3518 erit
622 3453 790 3517 vitae
820 3453 1096 3518 scribam
1125 3453 1346 3517 color.’
1400 3451 1480 3517 ‘O
1524 3472 1711 3535 puer,
1756 3454 1828 3516 ut
1857 3451 1945 3516 sis
2004 3465 2069 3512 60

161 3531 379 3601 Vitalis
419 3541 630 3603 metuo
644 3586 663 3615 ,
709 3541 774 3602 et
813 3537 1144 3602 maiorum·
1166 3536 1394 3623 nequis
1436 3537 1675 3601 amicus
