2588 4046
163 243 282 316 ιιι]
952 244 1162 300 nisan
1205 246 1275 301 11.
1457 215 1489 246 ⁶
1967 241 2093 312 161

161 404 445 490 Eupolin
455 455 475 488 ‚
518 405 1008 490 Archilochum,
1056 409 1321 473 comites
1368 409 1631 474 educere
1672 410 1935 476 tantos?

160 489 474 554 Invidiam
518 491 771 574 placare
822 514 1010 576 paras
1053 493 1287 558 virtute
1331 494 1598 559 relicta?

161 573 584 639 Contemnere
627 576 849 640 miser!
937 576 1276 641 Vitandast
1319 579 1591 662 inproba
1633 578 1816 644 Siren

157 654 448 742 Desidia,
495 660 607 722 aut
648 660 952 744 quidquid
997 661 1130 725 vita
1171 662 1433 727 meliore
1475 664 1713 747 parasti
2020 673 2093 734 15

155 742 534 807 Ponendum
598 765 798 827 aequo
860 744 1119 810 animo.'
1207 745 1318 810 ‘Di
1379 749 1477 829 te,
1541 746 1963 833 Damasippe3

1374 829 1649 915 deaeque

154 909 396 974 Verum
442 911 525 974 ob
570 912 907 976 consilium
953 912 1193 978 donent
1233 917 1514 979 tonsore.
1604 914 1725 979 Sed
1766 914 1935 979 unde

155 993 315 1057 Tam
359 995 523 1059 bene
566 1017 668 1060 me
709 996 882 1060 nosti
894 996 954 1060 ‘P’
1028 997 1404 1146 ‘Postquarq
1429 999 1639 1063 omnis
1679 1020 1780 1063 res
1820 1018 1967 1066 mea

1406 1104 1599 1147 anum
1644 1145 1656 1151 -

151 1163 257 1227 Ad
301 1162 586 1228 medium
627 1164 922 1247 fractast,
970 1165 1180 1230 aliena
1221 1167 1484 1251 negotia
1529 1188 1678 1231 curo

152 1246 478 1312 Excussus
521 1249 817 1332 propriis.
877 1243 1064 1314 'Olim
1108 1271 1261 1313 nam
1308 1271 1607 1334 quaerere
1638 1250 1958 1335 amabam,
2015 1260 2094 1320 20

154 1331 293 1405 Quo
339 1331 520 1395 vafer
560 1332 670 1396 ille
713 1332 906 1416 pedes
948 1333 1211 1398 lavisset
1253 1333 1563 1418 Sisyphus
1608 1357 1780 1419 aere,

153 1414 322 1489 Quid
367 1415 687 1500 sculptum
730 1416 1007 1502 infabre,
1095 1417 1205 1482 uid
1247 1418 1462 1482 fusum
1509 1419 1723 1484 durius
1759 1423 1943 1485 esset.

154 1498 442 1564 Callidus
486 1498 634 1564 huic
678 1502 864 1586 signo
955 1521 1077 1565 one
1124 1522 1228 1565 am
1269 1503 1451 1566 milia
1496 1506 1778 1588 centum3

151 1582 398 1648 Hortos
443 1584 855 1669 egregiasque
943 1605 1123 1650 omos
1166 1587 1505 1652 mercarier
1546 1609 1711 1651 unus

153 1666 319 1733 Cum
361 1668 541 1731 lucro
584 1687 844 1733 noram:
887 1670 1056 1734 unde
1098 1670 1458 1754 frequentia
1500 1671 1877 1736 Mercuriale
2016 1681 2088 1738 25

150 1751 502 1836 Inposuere
542 1751 702 1815 mihi
745 1772 1105 1837 cognomen
1148 1774 1290 1819 com
1337 1755 1471 1819 ita?
1557 1755 1751 1821 ‘Novi
1759 1805 1779 1838 ‚

154 1835 243 1900 Et
283 1836 488 1900 miror
527 1836 736 1900 morbi
778 1841 1122 1923 purgatum
1163 1841 1229 1902 te
1280 1839 1294 1852 '
1353 1839 1491 1903 'us.’
1569 1839 1789 1921 ‘Atqui

151 1919 416 1984 Emovit
458 1922 736 1990 veterem
778 1920 937 1985 mire
979 1943 1183 1987 novus
1189 1971 1214 2019 2
1258 1926 1332 1986 ut
1374 1924 1566 2006 solet,
1613 1923 1682 1986 in
1726 1944 1833 1988 cor

153 2003 446 2070 Traiecto
491 2004 708 2069 lateris
752 2005 967 2070 miseri
1011 2006 1316 2091 capit1sve
1360 2006 1610 2091 dolore,

151 2088 238 2153 Vt
258 2088 652 2173 lethargicus
668 2088 775 2153 hic
793 2110 938 2154 cum
959 2091 1034 2154 fit
1052 2092 1234 2176 pugil
1256 2093 1322 2155 et
1343 2092 1659 2156 medicum
1680 2094 1957 2177 urguet?
2018 2106 2088 2157 30

156 2172 349 2237 ‘Dum
378 2172 620 2257 nequid
651 2173 858 2238 simile
901 2174 1078 2258 huic,
1126 2178 1262 2239 esto
1292 2179 1366 2239 ut
1406 2176 1609 2240 libet?
1678 2175 1757 2241 ‘O
1800 2176 1998 2262 bone,

1368 2281 1451 2324 ne
1492 2263 1558 2324 te

154 2342 513 2407 Frustrere:
557 2342 800 2406 insanis
845 2346 912 2406 et
951 2345 1057 2425 tu,
1103 2344 1407 2427 stultique
1449 2365 1648 2428 prope
1694 2365 1946 2430 omnes,

155 2426 373 2511 Siquid
421 2426 762 2491 Stertinius
805 2427 939 2491 veri
983 2430 1228 2511 crepat,
1272 2429 1442 2492 unde
1487 2449 1606 2513 ego
1650 2429 1813 2491 mira

154 2509 479 2594 Descripsi
510 2510 733 2574 docilis
762 2514 1102 2594 praecepta
1139 2511 1327 2596 haec,
1371 2515 1502 2576 tem
1549 2533 1657 2576 ore
1701 2533 1826 2595 quo
1856 2533 1959 2576 me

157 2593 409 2659 Solatus
451 2594 641 2658 iussit
682 2594 1035 2678 sapientem
1074 2617 1337 2692 pascere
1381 2596 1497 2660 bar
1541 2617 1646 2659 am
2015 2607 2081 2657 35

154 2680 364 2762 Atque
411 2700 451 2742 a
491 2678 786 2743 Fabricio
829 2698 963 2743 non
1005 2681 1253 2744 tristem
1296 2683 1495 2764 ponte
1539 2681 1787 2744 reverti.

155 2761 319 2827 Nam
361 2763 529 2827 male
572 2784 641 2828 re
732 2765 868 2827 esta
910 2783 1055 2827 cum
1096 2765 1325 2830 vellem
1367 2765 1622 2829 mittere
1666 2767 1887 2848 operto

155 2845 259 2911 Me
300 2848 509 2944 capite
551 2847 622 2910 in
664 2784 933 2930 ffumen,
980 2846 1199 2913 dexter
1241 2849 1422 2913 stetit
1464 2851 1528 2914 et
1570 2856 1744 2913 ‘cave
1793 2849 1957 2913 faxis

157 2928 246 2995 Te
288 2952 628 3015 quicquam
673 2932 1029 3016 indignum.
1102 2932 1340 2997 Pudor’
1384 2934 1597 3081 inqqit
1637 2936 1725 2998 ‘te
1751 2934 1958 2999 malus

1366 3038 1449 3081 an
1559 3066 1578 3100 π

157 3097 421 3165 Insanos
468 3100 578 3183 qui
619 3101 789 3164 inter
831 3120 1087 3164 vereare
1130 3100 1393 3165 insanus
1436 3039 1676 3166 fibert
2017 3114 2087 3164 4⁰

157 3181 434 3249 Primum
461 3205 616 3248 nam
644 3184 995 3268 inquiram,
1029 3183 1179 3268 quid
1209 3185 1294 3248 sit
1322 3185 1563 3250 furere:
1602 3185 1725 3250 hoc
1755 3186 1811 3249 si
1840 3185 1960 3250 erit

1371 3270 1439 3332 in
1480 3272 1545 3333 te

159 3348 336 3437 Solo,
379 3354 476 3417 nil
518 3353 725 3436 verbi,
771 3374 995 3437 pereas
1040 3353 1194 3437 quin
1237 3353 1519 3437 fortiter,
1566 3353 1812 3417 addam.

162 3433 356 3508 Quem
386 3437 561 3501 mala
590 3438 864 3502 stultitia
894 3440 960 3502 et
1002 3459 1188 3522 quem
1220 3457 1487 3520 cumque
1529 3437 1785 3502 inscitia
1824 3436 1956 3501 veri

161 3516 427 3586 Caecum
459 3522 628 3608 agit,
658 3522 958 3587 insanum
1024 3521 1367 3606 Chrysippi
1397 3521 1679 3606 porticus
1710 3524 1775 3586 et
1801 3541 1960 3605 grex

261 3622 510 3666 noum
1711 3626 1768 3674 11
