2588 4046
163 254 342 330 xva,
979 256 1195 312 mna
1234 257 1280 313 1.
1968 252 2096 319 205

161 415 275 484 Nil
318 417 547 482 melius
592 417 809 502 turdo,
852 418 949 483 nil
989 419 1176 484 volva
1216 420 1544 503 pulchrius
1583 421 1839 505 ampla)

161 501 483 567 Nimirum
511 502 617 567 hic
646 523 767 587 ego
802 524 973 588 sum3
1008 515 1162 568 n‘am
1187 506 1331 569 tuta
1358 508 1425 569 et
1449 507 1712 589 parvola
1740 506 1928 570 laudo
1943 553 1962 589 ‚

163 586 322 651 Cum
363 606 467 650 res
513 585 842 670 deficiunt,
886 587 1041 651 satis
1083 588 1252 653 inter
1293 589 1450 654 vilia
1490 590 1705 655 fortis:

162 669 402 734 Verum
429 669 542 733 ubi
584 670 736 754 quid
761 670 988 735 melius
1019 672 1342 758 contingit
1369 675 1435 737 et
1468 674 1720 738 unctius
1735 722 1752 756 ,
1797 673 1963 739 idem

161 753 297 818 Vos
341 774 564 837 sapere
608 757 674 819 et
717 755 889 819 solos
934 754 1033 818 aio
1078 754 1240 821 bene
1283 756 1526 840 vivere,
1616 778 1840 822 uorum
2022 768 2090 820 45

164 837 572 922 Conspicitur
612 837 832 903 nitidis
874 837 1140 903 fundata
1179 841 1454 923 pecunia
1541 841 1554 855 ’
1613 841 1627 855 ’
1667 889 1683 906 .

1018 1128 1212 1204 XVI.

164 1259 264 1326 Ne
303 1257 728 1343 perconteris,
771 1258 1008 1323 fundus
1048 1281 1255 1343 meus,
1300 1282 1339 1325 o
1384 1261 1540 1326 time
1584 1260 1835 1345 Quinti,

163 1345 335 1408 Arvo
379 1345 601 1425 pascat
643 1363 821 1407 erum
861 1363 946 1407 an
987 1343 1161 1408 bacis
1205 1364 1289 1428 op
1361 1348 1535 1409 entet
1586 1345 1788 1410 olivae

162 1426 463 1492 Pomisne
506 1449 591 1491 an
629 1427 832 1524 pratis
875 1448 960 1492 an
1000 1427 1233 1492 amicta
1274 1429 1510 1493 vitibus
1551 1428 1755 1494 ulmo:

166 1510 489 1577 Scribetur
530 1511 652 1574 tibi
692 1510 902 1575 forma
942 1511 1296 1594 loquaciter
1337 1514 1402 1576 et
1444 1513 1603 1577 situs
1647 1514 1805 1598 agri.

165 1593 470 1660 Continui
513 1596 791 1677 montes,
834 1594 906 1658 ni
947 1594 1371 1660 dissocientur
1411 1617 1615 1679 opaca
1854 1645 1861 1650 .
2059 1609 2092 1660 5

163 1678 352 1743 Valle
369 1726 390 1761 ,
435 1678 546 1743 sed
574 1681 646 1742 ut
678 1679 940 1743 veniens
971 1678 1261 1744 dextrum
1287 1680 1454 1744 latus
1484 1679 1799 1763 adspiciat
1826 1680 1966 1766 Sol,

162 1762 441 1827 Laevum
484 1762 792 1827 decedens
836 1783 1024 1827 curru
1063 1763 1350 1848 fugiente
1392 1767 1674 1847 vaporet.

171 1846 570 1930 Temperiem
611 1846 847 1911 laudes.
934 1844 1100 1922 Quid
1144 1847 1200 1911 si
1240 1847 1593 1913 rubicunda
1634 1848 1899 1933 benigni

165 1929 380 1996 Coma
419 1952 643 2014 vepres
684 1932 749 1994 et
788 1950 995 2014 pruna
1034 1930 1272 2014 ferant,
1319 1931 1375 1996 si
1416 1951 1682 2014 quercus
1726 1934 1791 1996 et
1831 1933 1957 2000 ilex

164 2015 374 2081 Multa
413 2015 600 2100 fruge
627 2036 821 2099 pecus
834 2063 853 2099 ‚
898 2014 1101 2080 multa
1143 2015 1474 2080 dominum
1500 2016 1675 2081 iuvet
1700 2016 1969 2082 umbra?
2030 2031 2095 2081 ιο

163 2099 359 2165 Dicas
403 2098 744 2164 adductum
784 2099 1048 2183 propius
1090 2099 1386 2165 frondere
1430 2100 1797 2166 Tarentum.

164 2184 337 2251 Fons
384 2184 576 2248 etiam
616 2183 754 2248 rivo
799 2183 949 2247 dare
990 2204 1230 2248 nomen
1269 2184 1567 2268 idoneus,
1609 2187 1685 2249 ut
1723 2206 1843 2250 nec

166 2266 490 2353 Frigidior
531 2266 841 2333 Thracam
881 2288 1003 2332 nec
1044 2268 1264 2351 purior
1305 2268 1547 2333 ambiat
1587 2268 1875 2353 Hebrus,

163 2352 430 2417 Infirmo
475 2351 670 2434 capiti
711 2351 854 2416 fluit
892 2351 1069 2417 utilis
1076 2400 1098 2449 2
1141 2352 1319 2416 utilis
1363 2354 1527 2417 alvo,

163 2435 307 2500 Hae
351 2436 634 2500 latebrae
677 2435 891 2500 dulces
936 2439 1026 2518 et,
1069 2457 1198 2500 iam
1242 2437 1299 2500 si
1342 2436 1573 2520 credis,
1619 2458 1952 2521 amoenae,
2032 2450 2095 2500 15

161 2519 561 2585 Incolumem
603 2519 725 2585 tibi
750 2541 854 2584 me
893 2523 1225 2603 praestant
1253 2518 1731 2603 Septembribus
1771 2521 1968 2586 horis,

166 2603 268 2668 Tu
309 2606 484 2668 recte
526 2603 716 2688 vivis,
760 2604 818 2670 si
861 2625 1042 2668 curas
1086 2624 1224 2668 esse
1264 2603 1440 2686 quod
1481 2603 1681 2669 audis.

160 2687 485 2753 lactamus
526 2688 656 2753 iam
697 2685 944 2771 pridem
986 2688 1194 2752 omnis
1234 2690 1301 2751 te
1341 2687 1549 2751 Roma
1589 2688 1878 2773 beatum3

162 2770 293 2837 Sed
334 2792 587 2855 vereor,
630 2772 819 2837 necui
862 2772 940 2836 de
981 2774 1047 2836 te
1088 2771 1232 2854 plus
1275 2792 1467 2854 quam
1514 2770 1638 2836 tibi
1682 2772 1926 2856 credas,

159 2855 345 2922 Neve
386 2858 573 2939 putes
616 2856 810 2921 alium
854 2856 1140 2939 sapiente
1182 2855 1479 2939 bonoque
1520 2856 1803 2940 beatum,
2030 2870 2099 2921 ιο

158 2939 310 3006 Neu
323 2987 344 3023 ‚
390 2940 448 3004 si
487 2943 552 3004 te
593 2960 678 3023 po
724 2941 866 3004 ulus
910 2961 1136 3005 sanum
1177 2942 1473 3023 recteque
1516 2940 1833 3005 valentem

161 3022 469 3107 Dietitet,
519 3044 632 3088 occ
700 3026 834 3089 tam
874 3023 1118 3088 febrem
1161 3024 1279 3089 sub
1321 3028 1575 3108 tempus
1618 3024 1845 3089 edendi

160 3106 577 3190 Dissimules‚
624 3107 825 3173 donec
852 3108 1146 3173 manibus
1188 3111 1428 3173 tremor
1469 3108 1716 3173 incidat
1737 3110 1970 3176 unctis.

162 3191 524 3256 Stultorum
567 3192 855 3256 incurata
894 3191 1099 3275 pudor
1139 3192 1346 3257 malus
1388 3191 1602 3257 ulcera
1647 3193 1830 3257 celat.

164 3275 382 3361 Siquis
426 3274 598 3340 bella
637 3277 756 3342 tibi
797 3279 967 3341 terra
1015 3279 1303 3361 pugnata
1341 3277 1626 3360 marique
2030 3291 2095 3341 25

163 3358 394 3443 Dicat,
440 3362 505 3424 et
544 3359 646 3424 his
689 3361 899 3425 verbis
941 3381 1174 3425 vacuas
1215 3360 1605 3444 permulceat
1647 3381 1858 3425 aures:

164 3443 368 3508 ‘Tene
398 3444 605 3529 magis
636 3444 881 3509 salvum
907 3444 1182 3528 populus
1209 3444 1394 3527 velit,
1424 3465 1511 3508 an
1584 3446 1844 3528 opulum
1872 3449 1972 3530 tu,

163 3526 395 3594 Servet
434 3529 506 3596 in
550 3528 879 3614 ambiguo,
925 3528 1034 3612 qui
1077 3528 1353 3592 consulit
1395 3530 1459 3592 et
1499 3532 1553 3593 ti
1595 3528 1620 3591 i
1663 3530 1727 3593 et
1767 3529 1910 3594 urbi
1922 3577 1943 3614 ‚
