2588 4046
460 214 581 279 162
1093 212 1122 239 ·
1212 213 1636 271 SATmARvM
2262 212 2377 286 [m

455 394 522 443 45
589 380 917 444 Autumat.
1005 377 1185 442 Haec
1226 377 1533 461 populos,
1589 375 1747 440 haec
1788 396 2057 462 magnos
2111 374 2381 440 formula

1677 481 1745 523 re
1795 481 1861 525 es

585 549 875 631 Excepto
921 545 1237 630 sapiente,
1280 546 1477 609 tenet.
1563 543 1629 609 N
1630 482 1931 608 unagaeizi
1979 565 2013 608 e
2023 592 2044 627 ‚
2090 563 2281 626 quare

585 631 924 716 Desipiant
966 651 1188 695 omnes
1231 650 1429 713 aeque
1472 648 1546 693 ac
1588 631 1689 712 tu,
1733 628 1842 711 qui
1883 629 1936 692 ti
1980 628 2005 691 i
2044 647 2283 691 nomen

586 716 825 780 Insano
870 735 1157 799 posuere.
1244 712 1441 778 Velut
1483 712 1688 795 silvie,
1732 712 1842 775 ubi
1885 711 2125 795 passim

585 800 884 865 Palantes
930 819 1105 863 error
1149 799 1322 862 certo
1369 796 1446 861 de
1489 796 1744 860 tramite
1833 796 1998 878 ellit,

461 897 530 948 60
592 884 711 949 Ille
735 884 1192 965 sinistrorsum,
1222 880 1330 945 hic
1351 881 1750 945 dextrorsum
1771 901 1810 943 a
1854 880 1927 964 it,
1948 900 2114 945 unus
2134 879 2388 963 utrique

587 969 818 1052 Error,
863 966 975 1031 sed
1017 965 1209 1030 variis
1252 964 1488 1029 inludit
1530 964 1848 1061 partibus:
1891 964 2015 1028 hoc
2057 966 2122 1029 te

587 1052 783 1118 Crede
825 1050 1012 1116 modo
1055 1050 1384 1132 insanum,
1427 1046 1630 1112 nihilo
1673 1051 1746 1112 ut
1789 1047 2140 1132 sapientior
2182 1048 2297 1111 ille
2309 1096 2329 1131 ‚

587 1136 711 1212 Qui
752 1137 817 1200 te
862 1133 1133 1217 deridet,
1178 1132 1448 1198 caudam
1489 1131 1720 1196 trahat.
1792 1131 1916 1196 Est
1955 1152 2160 1217 genus
2190 1152 2393 1196 unum

588 1219 908 1285 Stultitiae
950 1218 1223 1282 nihilum
1265 1215 1607 1281 metuenda
1647 1216 1931 1280 timentis
1941 1264 1961 1299 ‚
2004 1218 2078 1281 ut
2120 1215 2312 1301 ignes
2322 1264 2343 1299 ‚

459 1317 526 1368 56
589 1303 682 1369 Vt
721 1324 911 1387 rupes
953 1301 1304 1384 fluviosque
1346 1301 1417 1365 in
1459 1321 1682 1384 campo
1728 1300 1983 1365 obstare
2027 1303 2353 1383 queratur.

586 1387 882 1452 Alterum
925 1389 991 1451 et
1029 1385 1179 1450 huic
1222 1406 1443 1450 varum
1473 1388 1537 1449 et
1578 1383 1781 1449 nihilo
1813 1384 2162 1468 sapientius
2205 1383 2395 1469 ignes

585 1471 710 1536 Per
751 1470 991 1535 medios
1033 1469 1386 1553 fluviosque
1426 1468 1701 1533 ruentis:
1747 1468 1982 1533 clamet
2021 1468 2225 1533 amica

586 1553 795 1619 Mater
877 1553 1151 1618 honesta
1193 1574 1374 1618 soror
1418 1574 1563 1618 cum
1605 1552 1927 1637 cognatis,
1977 1555 2187 1637 pater,
2230 1574 2400 1618 uxor

589 1638 738 1704 ‘Hic
780 1603 956 1703 fossa
985 1640 1082 1702 est
1122 1639 1384 1723 ingens,
1427 1637 1535 1701 hic
1566 1659 1639 1701 ru
1688 1658 1754 1701 es
1796 1636 2104 1703 maxima:
2150 1640 2395 1703 serva!⁸

460 1737 530 1787 60
590 1722 746 1787 Non
786 1722 994 1808 magis
1038 1721 1337 1805 audierit,
1384 1742 1573 1805 quam
1759 1742 1833 1785 us
1879 1721 2088 1786 ebrius
2133 1721 2326 1805 olim,

589 1806 754 1872 Cum
796 1806 1066 1871 Ilionam
1113 1805 1411 1889 edormit,
1460 1804 1743 1871 Catienis
1786 1806 1961 1871 mille
2006 1804 2300 1871 ducentis

591 1891 823 1955 ‘Mater
832 1939 851 1974 ,
881 1893 946 1954 te
970 1890 1245 1973 adpello'
1294 1889 1734 1955 clamantibus.
1809 1888 1978 1955 Huic
2009 1911 2129 1976 ego
2159 1889 2399 1975 volgus

588 1975 811 2041 Errori
853 1974 1127 2040 similem
1171 1976 1471 2039 cunctum
1513 1974 1794 2040 insanire
1837 1973 2100 2040 do'ceb0.

588 2060 839 2124 Insanit
879 2062 1123 2124 veteres
1167 2061 1412 2124 statuas
1454 2057 1882 2143 Damasippus
1927 2060 2229 2125 emendo:

460 2156 527 2207 65
590 2143 853 2242 Integer
896 2145 992 2208 est
1032 2143 1265 2207 mentis
1307 2141 1568 2207 Damasi
1614 2143 1683 2228 pi
1725 2143 2041 2209 creditor?
2106 2143 2293 2209 Esto.

589 2228 853 2312 ‘Accipe
884 2226 1054 2310 quod
1072 2248 1422 2311 numquam
1449 2226 1561 2291 red
1606 2249 1676 2292 as
1704 2226 1887 2291 mihi'
1919 2227 1975 2292 si
2003 2228 2123 2293 tibi
2152 2227 2397 2294 dicam:

588 2310 769 2376 Tune
812 2311 1075 2375 insanus
1119 2312 1242 2376 eris
1288 2311 1344 2375 si
1388 2311 1736 2395 acceperis,
1793 2333 1876 2376 an
1917 2313 2124 2410 magis
2171 2334 2399 2378 excors

587 2394 850 2460 Reiecta
890 2394 1157 2479 praeda,
1203 2416 1395 2479 quam
1438 2416 1737 2479 praesens
1779 2394 2132 2461 Mercunus
2176 2397 2349 2461 fert?

590 2478 807 2545 Scribe
838 2480 1054 2544 decem
1084 2501 1123 2543 a
1149 2478 1377 2546 Nerio:
1421 2500 1556 2544 non
1584 2483 1681 2545 est
1711 2480 1891 2565 satis3
1937 2480 2097 2545 adde
2127 2479 2401 2547 Cicutae

460 2576 529 2627 ’10
592 2563 838 2628 Nodosi
881 2564 1132 2628 tabulas
1177 2566 1461 2647 centum,
1505 2564 1681 2628 mille
1729 2563 1890 2628 adde
1934 2567 2221 2650 catenas3

588 2647 877 2733 Effugiet
915 2650 1133 2712 tamen
1173 2646 1332 2713 haec
1377 2647 1718 2715 sceleratus
1761 2648 2016 2714 vincula
2056 2649 2350 2715 Proteus.

589 2730 754 2796 Cum
795 2733 1005 2816 rapies
1048 2733 1119 2795 in
1161 2731 1259 2797 ius
1304 2732 1490 2796 malis
1534 2732 1848 2797 ridentem
1892 2733 2146 2818 alieniS,

587 2815 731 2881 Fiet
758 2837 940 2901 aper,
984 2816 1172 2881 modo
1205 2816 1374 2901 πίε,
1416 2816 1607 2882 modo
1639 2839 1863 2966 samssm
1891 2821 1983 2903 et,
2027 2839 2172 2883 cum
2200 2819 2401 2903 volet,

1682 2923 1752 2966 ar
1798 2923 1887 2967 or.

590 2982 660 3048 Si
701 2985 867 3050 male
910 3005 1046 3048 rem
1087 3006 1309 3070 gerere
1352 2986 1654 3069 insanist‚
1701 2989 1924 3051 contra
1965 2985 2159 3069 bene,
2219 2988 2400 3054 sanie

461 3079 527 3131 π
591 3068 881 3134 Putidius
922 3069 1127 3134 multo
1173 3070 1591 3154 cerebrumst,
1637 3070 1794 3135 mihi
1839 3070 2052 3157 crede,
2095 3070 2314 3136 Perilli

590 3150 910 3218 Dictantis
922 3203 941 3238 ,
988 3154 1156 3238 quod
1199 3156 1270 3218 tu
1314 3176 1660 3239 numquam
1688 3155 2034 3220 rescribere
2076 3155 2302 3240 possis·

586 3237 830 3302 Audire
873 3241 1062 3321 atque
1105 3242 1326 3324 togam
1369 3239 1555 3303 iubeo
1599 3260 1984 3323 conponere,
2030 3239 2315 3324 quisquis

587 3321 959 3387 Ambitione
1000 3322 1172 3386 mala
1215 3326 1326 3387 aut
1367 3323 1619 3409 argenti
1659 3324 1859 3407 pallet
1901 3345 2147 3409 amore,

589 3404 888 3489 Quisquis
932 3405 1181 3470 luxuria
1221 3406 1469 3473 tristive
1514 3408 1966 3491 superstitione

453 3498 529 3550 80
591 3489 727 3553 Aut
767 3490 890 3554 alio
934 3491 1166 3555 mentis
1210 3491 1436 3557 morbo
1481 3492 1673 3578 calet3
1718 3492 1843 3558 huc
1884 3494 2148 3579 propius
2193 3513 2321 3574 me,
