2588 4046
150 300 155 305 ·
186 267 277 342 vi]
948 271 1163 326 LIBER
1206 271 1249 328 1.
2035 266 2078 331 7

203 431 333 507 Quis
375 431 643 496 Martem
687 432 904 496 tunica
946 435 1186 498 tectum
1230 429 1638 499 adamantina

228 516 360 600 igne
403 518 753 600 scripserit,
801 520 909 580 aut
951 518 1209 600 pulvere
1255 517 1484 582 Troico

181 597 248 664 Ni
461 600 830 684 Merionen,
878 604 989 664 aut
1031 622 1068 664 o
1118 623 1152 665 e
1194 601 1473 666 Palladis
2011 616 2074 664 15

245 623 517 767 fflen
562 685 807 768 superis
850 624 1136 770 paremg]

179 799 290 865 Nos
318 802 634 884 convivia,
679 824 799 866 nos
842 803 1085 886 proelia
1127 802 1448 887 virginum

182 881 351 949 Sectis
392 886 462 949 in
504 887 765 966 iuvenes
809 886 1130 984 unguibus
1176 888 1417 951 acrium

180 966 521 1052 Cantemus,
566 971 778 1053 vacui,
825 992 956 1035 sive
1043 971 1152 1034 uid
1195 972 1467 1056 urimur,

244 1052 380 1120 Non
420 1057 674 1138 praeter
717 1055 975 1118 solitum
1045 1077 1207 1120 eves,
2006 1069 2077 1119 20

1025 1311 1181 1386 VH.

179 1438 525 1505 Laudabunt
570 1442 679 1505 alii
725 1443 960 1506 claram
1003 1442 1280 1507 Rhodon
1354 1446 1464 1507 aut
1506 1442 1861 1524 Mytilenen

240 1526 361 1589 Aut
401 1524 712 1609 Epheson
788 1527 1125 1591 bimarisve
1171 1525 1466 1592 Corinthi

179 1605 401 1672 Moenia
474 1610 580 1673 vel
608 1609 861 1675 Baccho
893 1610 1144 1674 Thebas
1190 1611 1291 1674 vel
1323 1611 1627 1695 Apolline
1656 1610 1945 1695 Delphos

239 1691 526 1778 Insignes
605 1698 714 1758 aut
755 1694 1061 1759 Thessala
1102 1694 1361 1779 Tempe.

180 1806 310 1873 Sunt
330 1811 559 1893 quibus
578 1833 776 1875 unum
800 1833 958 1896 opus
978 1815 1090 1894 est,
1122 1813 1402 1876 intactae
1423 1811 1701 1876 Palladis
1722 1814 1945 1878 urbem
2036 1825 2070 1877 5

241 1894 530 1960 Carmine
573 1898 879 1979 perpetuo
925 1896 1242 1960 celebrare
1288 1899 1354 1960 et

179 1974 438 2063 Vndique
483 1979 848 2064 decerptam
890 1981 1089 2061 fronti
1132 2002 1525 2065 praeponere
1570 1981 1821 2047 olivam.

241 2062 551 2128 Plurimus
594 2065 665 2129 in
706 2064 972 2130 Iunonis
1013 2065 1258 2130 honore

179 2181 226 2243 A
264 2185 388 2246 tum
432 2183 601 2248 dicet
644 2184 820 2266 equis
864 2184 1076 2268 Argos
1122 2183 1408 2265 ditesque
1451 2183 1773 2266 Mycenas,

309 2288 339 2329 e
378 2288 495 2331 nec
537 2271 672 2330 tam
715 2267 966 2351 patiens
1008 2267 1448 2332 Lacedaemon
2011 2282 2077 2332 10

178 2345 293 2412 Nec
312 2354 458 2414 ctam
499 2351 758 2416 Larisae
801 2352 1115 2434 percussit
1157 2373 1419 2434 campus
1465 2352 1745 2436 opimae,

249 2432 437 2507 Quam
482 2435 708 2499 domus
751 2435 1082 2500 Albuneae
1126 2435 1488 2500 resonantis

177 2546 250 2612 Et
325 2575 577 2637 raeceps
620 2554 791 2616 Anio
837 2575 911 2617 ac
953 2553 1220 2617 Tiburni
1262 2553 1443 2617 lucus
1488 2557 1554 2617 et
1594 2553 1719 2618 uda

310 2637 576 2701 obilibus
620 2638 908 2720 pomaria
950 2637 1120 2702 rivis,

179 2716 355 2782 Albus
395 2725 466 2785 ut
509 2721 777 2785 obscuro
825 2721 1112 2806 deterget
1151 2721 1378 2785 nubila
1422 2723 1598 2786 caelo
2007 2734 2073 2785 15

250 2800 433 2888 Saepe
475 2805 687 2871 Notus
763 2826 883 2870 nec
926 2807 1202 2889 parturit
1242 2806 1480 2871 imbres

180 2915 490 3006 Perpetuo,
538 2925 631 2988 sic
673 2926 745 2986 tu
790 2924 1042 3008 sapiens
1085 2924 1270 2988 finire
1313 2926 1634 2988 memento

250 3002 581 3071 Tristitiam
626 3007 917 3090 vitaeque
960 3007 1210 3072 labores

184 3081 365 3171 Molli,
406 3089 667 3175 Plance,
712 3113 922 3176 mero,
970 3114 1082 3156 seu
1124 3094 1188 3156 te
1230 3092 1546 3176 fulgentia
1589 3092 1791 3177 signis

256 3169 459 3238 Castra
497 3178 723 3240 tenent
766 3198 879 3240 seu
923 3176 1121 3240 densa
1161 3175 1408 3240 tenebit
1614 3175 1620 3180 ’
2007 3189 2073 3239 20

190 3281 404 3354 Tiburis
446 3294 671 3358 umbra
711 3295 827 3358 tui.
916 3293 1157 3358 Teucer
1200 3292 1525 3359 Salamina
1574 3297 1946 3378 patremque

259 3369 401 3438 Cum
440 3378 717 3463 fugeret,
762 3381 982 3441 tamen
1023 3378 1151 3441 uda
1192 3378 1405 3461 Lyaeo

193 3447 462 3541 Tempora
500 3463 777 3546 populea
818 3463 1020 3527 fertur
1061 3463 1342 3527 vinxisse
1387 3483 1653 3537 corona,

260 3537 349 3606 Sic
386 3546 593 3610 tristes
638 3546 887 3611 adfatus
932 3546 1199 3612 amicos:
