2588 4046
180 245 410 324 xmm]
898 248 1114 304 mmm
1155 247 1253 304 111.
1954 236 2033 302 81

412 413 786 497 Conponere
831 431 1099 495 aequus3
1145 412 1355 474 cetera
1378 408 1675 473 fluminis

412 497 565 562 Ritu
604 496 923 579 feruntur,
968 515 1141 559 nunc
1181 494 1394 558 medio
1438 493 1617 557 alveo

515 581 674 646 Cum
717 600 873 663 pace
925 577 1276 642 delabentis
1321 577 1663 642 Etruscum
1971 584 2038 635 85

596 664 673 728 In
715 685 917 746 mare,
960 683 1132 727 nunc
1173 661 1417 745 lapides
1463 660 1689 725 adesos

417 801 779 882 Stirpesque
819 800 1035 880 raptas
1066 799 1132 861 et
1171 816 1365 893 pecus
1406 797 1472 859 et
1510 794 1734 858 domos

415 883 745 948 Volventis
788 902 917 945 una
957 900 1092 945 non
1135 901 1273 945 sme
1316 879 1631 943 montium

519 965 810 1032 Clamore
852 965 1222 1047 vicinaeque
1267 963 1492 1047 silvae,

602 1049 763 1116 Cum
806 1049 941 1113 fera
983 1048 1250 1113 diluvies
1300 1047 1549 1130 quietos
1973 1054 2041 1105 40

420 1185 644 1249 Inritat
686 1204 924 1248 amnes.
1014 1182 1134 1246 Ille
1177 1184 1406 1265 potens
1450 1179 1547 1243 sui

420 1269 771 1352 Laetusque
814 1267 1031 1363 deget,
1075 1266 1177 1331 cui
1222 1266 1375 1330 licet
1414 1264 1484 1341 in
1528 1264 1695 1329 diem

516 1352 769 1417 Dixisse
814 1349 1014 1416 ‘V1xi2
1061 1370 1198 1414 cras
1240 1349 1344 1413 vel
1386 1351 1523 1412 atra

598 1435 787 1501 Nube
829 1434 1048 1518 polum
1097 1436 1280 1518 pater
1323 1434 1632 1516 occupato

420 1571 538 1636 Vel
581 1570 716 1635 sole
758 1588 947 1653 puro3
992 1588 1125 1631 non
1166 1571 1384 1631 tamen
1428 1566 1717 1649 inritum,
1973 1575 2039 1626 45

422 1654 868 1737 Quodcumque
915 1655 1179 1735 retrost,
1226 1651 1461 1716 efficiet
1529 1670 1736 1734 neque

517 1738 833 1822 Diffinget
872 1736 1305 1818 infectumque
1347 1726 1598 1817 reddet,

602 1822 786 1898 Quod
825 1820 1079 1905 fugiens
1110 1819 1306 1883 semel
1347 1818 1506 1882 hora
1545 1818 1733 1882 vexit.

423 1957 703 2022 Fortuna
747 1976 933 2020 saevo
977 1956 1147 2019 laeta
1189 1953 1454 2039 negotio
1498 1955 1565 2017 et

421 2041 668 2107 Ludum
710 2041 1093 2106 insolentem
1135 2038 1352 2103 ludere
1396 2037 1688 2122 pertinax
1966 2033 2046 2097 ‘5⁰

519 2126 928 2190 Transmutat
970 2124 1247 2188 incertos
1290 2122 1598 2204 honores,

603 2209 794 2275 Nunc
836 2206 995 2272 mihi
1037 2228 1208 2272 nunc
1253 2206 1363 2270 alii
1406 2205 1703 2290 benigna.

422 2347 637 2412 Laudo
681 2347 1076 2429 manentem3
1121 2344 1175 2407 si
1220 2343 1456 2407 celeres
1500 2342 1703 2425 quatit

429 2430 704 2514 Pinnas,
745 2429 1002 2513 resigno
1047 2448 1208 2511 quae
1252 2426 1427 2490 dedit
1470 2429 1534 2489 et
1565 2446 1709 2489 mea

520 2515 776 2580 Virtute
817 2533 921 2576 me
963 2511 1218 2575 involvo
1261 2510 1652 2594 probamque
1978 2518 2045 2569 55

605 2597 981 2681 Pauperiem
1026 2596 1163 2659 sine
1207 2594 1355 2658 dote
1401 2614 1652 2677 quaero,

424 2733 487 2798 N
492 2754 573 2797 on
621 2734 719 2797 est
760 2752 1004 2814 meum,
1049 2730 1103 2794 si
1124 2729 1394 2813 mugiat
1435 2727 1672 2791 Africis

426 2817 631 2881 Malus
675 2815 1000 2899 procellis,
1046 2813 1126 2878 ad
1167 2814 1432 2877 miseras
1480 2832 1699 2895 preces

524 2900 874 2965 Decurrere
917 2900 982 2962 et
1021 2898 1186 2962 votis
1230 2896 1495 2981 pacisci,

607 2983 709 3050 Ne
756 2983 1023 3067 Cypriae
1067 2981 1418 3065 Tyriaeque
1459 2999 1701 3044 merces
1979 2989 2048 3038 60

431 3119 688 3183 Addant
732 3138 919 3182 avaro
966 3116 1217 3181 divitias
1260 3115 1452 3179 mari:

431 3202 590 3267 Tum
631 3225 734 3267 me
777 3202 1036 3266 biremis
1079 3199 1395 3285 praesidio
1442 3198 1713 3283 scaphae

530 3286 764 3351 Tutum
808 3308 922 3370 per
964 3288 1256 3370 Aegaeos
1301 3283 1610 3355 tumultus

611 3372 789 3436 Aura
827 3371 989 3435 feret
1023 3368 1442 3455 geminusque
1468 3367 1743 3432 Pollux?

265 3617 487 3666 nonum.
1715 3625 1749 3675 ο
