2588 4046
499 235 575 298 18
1248 237 1640 293 CARMINVM
2174 236 2430 309 [xvml.

663 400 788 465 Hic
832 401 1045 465 vivum
1087 396 1679 481 mihi-caespitem,
1725 395 1831 460 hic

749 484 1075 549 Verbenas
1088 533 1106 567 ,
1153 487 1361 566 pueri,
1391 483 1624 566 'ponite
1667 484 1932 565 turaque

502 583 562 629 15
664 568 835 632 Bimi
880 590 1023 632 cum
1065 571 1286 652 patera
1328 566 1513 631 meri:

748 651 1031 717 Mactata
1071 652 1285 716 veniet
1327 650 1533 714 lenior
1576 650 1805 714 hostia.

1377 923 1534 996 XX.

664 1054 810 1119 Vile
852 1054 1103 1138 potabis
1147 1053 1415 1118 modicis
1461 1053 1765 1119 Sabinum

670 1137 1036 1221 cambarie,
1084 1136 1329 1203 Graeca
1371 1136 1540 1221 quod
1584 1159 1618 1201 e
1666 1157 1703 1201 o
1748 1137 1885 1220 ipse
1926 1138 2094 1201 testa

670 1221 1015 1288 Conditum
1058 1221 1211 1304 levi,
1257 1221 1442 1285 datus
1485 1221 1555 1285 in
1673 1223 1846 1285 eatro

752 1304 913 1371 Cum
956 1306 1075 1369 tibi
1117 1305 1408 1389 plausuS‚
1494 1393 1500 1399 1

497 1454 527 1501 5
667 1438 852 1505 Clare
896 1439 1233 1503 Maecenas
1279 1460 1501 1524 eques,
1548 1441 1622 1502 ut
1661 1438 1910 1522 paterni

666 1523 977 1588 Fluminis
1021 1523 1197 1607 ripae
1243 1512 1432 1588 simul
1475 1525 1539 1587 et
1580 1523 1796 1587 iocosa

666 1607 983 1672 Redderet
1025 1607 1243 1671 laudes
1288 1607 1409 1670 tibi
1451 1606 1748 1670 Vaticani

751 1692 988 1755 Montis
1034 1692 1266 1775 imago,

671 1826 1035 1890 Caecubum
1081 1828 1144 1889 et
1184 1825 1363 1909 prelo
1411 1824 1716 1888 domitam
1762 1821 2000 1888 Caleno

503 1923 565 1972 ιο
669 1909 833 1973 Tum
874 1909 1054 1973 bib‘es
1097 1930 1315 1973 uvam:
1360 1930 1502 1972 mea
1543 1928 1663 1990 nec
1704 1906 2010 1971 Falernae

670 1988 1096 2075 †Temperant
1139 1991 1308 2056 vites
1355 2012 1561 2075 neque
1608 1991 1941 2056 Formiani

749 2076 995 2141 Pocula·
1033 2076 1251 2141 colles,

1359 2347 1551 2422 XXI.

666 2478 945 2543 Dianam
984 2480 1238 2542 tenerae
1284 2477 1473 2542 dicite
1517 2477 1794 2563 virgines
1802 2527 1822 2562 ,

667 2561 1004 2627 Intonsum
1016 2610 1034 2644 ,
1080 2562 1288 2646 pueri,
1336 2561 1525 2626 dicite
1571 2561 1918 2645 Cynthium

752 2647 1186 2728 Latonamque
1231 2666 1524 2729 supremo

842 2729 1159 2794 Dilectam
1202 2730 1457 2813 penitus
1481 2729 1656 2794 Iovi.

498 2879 531 2927 5
668 2864 799 2929 Vos
843 2865 1080 2928 laetam
1122 2863 1331 2927 fluviis
1377 2866 1441 2928 et
1481 2884 1813 2928 nemorum
1857 2884 2064 2946 coma,

671 2947 1116 3030 Quaecumque
1162 2950 1274 3011 aut
1315 2947 1528 3032 gelido
1571 2948 1893 3031 prominet
1933 2945 2208 3031 Algido,

698 3033 705 3039 ’
750 3031 838 3097 Ni
923 3032 973 3095 's
1018 3033 1128 3095 aut
1167 3030 1547 3115 Erymanthi

839 3053 1035 3180 gilvis
1081 3118 1192 3179 aut
1235 3115 1455 3179 viridis
1502 3114 1724 3201 Cragi3

668 3252 802 3316 Vos
846 3248 1083 3333 Tempe
1126 3249 1392 3314 totidem
1436 3250 1641 3315 tollite
1684 3249 1973 3313 laudibus

502 3348 567 3396 ιο
671 3334 1126 3418 Natalemque‚
1172 3354 1378 3398 mares
1390 3382 1410 3417 ,
1453 3332 1666 3398 Delon
1707 3332 2028 3417 Apollinis
2040 3377 2064 3417 5

749 3418 1202 3501 Insignemque
1244 3416 1543 3501 pharetra

843 3501 1274 3585 Fraternaque
1348 3523 1636 3568 umerum
1696 3500 1853 3584 lyra.
