2588 4046
454 2201 515 2249 10

453 2668 512 2718 15

447 3139 516 3186 20

844 824 1927 923 CARMINVM

1108 1020 1323 1076 LIBER
1355 1018 1681 1076 TERTIVS.

1371 1200 1407 1273 I

661 1303 814 1401 Odi
856 1330 1193 1415 profanum
1236 1332 1463 1416 volgus
1508 1334 1573 1396 et
1616 1351 1818 1396 arceo,

656 1416 889 1482 Favete
964 1416 977 1429 '
1120 1416 1199 1501 ‘s3
1247 1414 1527 1480 carmina
1568 1436 1702 1479 non
1745 1415 1920 1499 prius

747 1499 989 1564 Audita
1101 1521 1357 1564 usarum
1401 1499 1699 1564 sacerdos

848 1582 1221 1668 Virginibus
1264 1583 1605 1667 puerisque
1650 1585 1857 1648 canto,

658 1717 909 1802 Regum
950 1716 1379 1781 timendorum
1420 1718 1488 1781 in
1529 1716 1823 1801 proprios
1866 1736 2128 1802 greges,

657 1801 752 1865 Re
799 1822 865 1865 es
909 1801 979 1864 in
1021 1801 1195 1885 ipsos
1238 1801 1639 1884 imperiumst
1680 1799 1882 1885 Iovis,

807 1885 923 1948 lari
968 1884 1283 1969 Giganteo
1327 1883 1651 1968 triumpho
1660 1933 1680 1968 ‚

856 1967 1103 2034 Cuncta
1145 1968 1481 2053 supercilio
1525 1968 1859 2034 moventis.

657 2104 776 2169 Est
816 2106 889 2167 ut
930 2102 1066 2167 viro
1111 2105 1206 2167 vir
1248 2103 1439 2168 latius
1484 2103 1735 2168 ordinet

661 2187 943 2251 Arbusta
986 2187 1206 2269 sulcis,
1249 2186 1356 2251 hic
1400 2188 1769 2272 generosior

749 2270 1110 2335 Descendat
1149 2271 1219 2334 in
1262 2291 1556 2354 campum
1597 2271 1865 2355 petitor,

854 2353 1140 2419 Moribus
1182 2354 1287 2419 hic
1331 2354 1677 2438 meliorque
1726 2355 1895 2418 fama

660 2489 1049 2572 Contendat,
1100 2488 1194 2551 illi
1236 2489 1424 2553 turba
1468 2489 1794 2553 clientium

660 2571 758 2638 Sit
799 2572 1027 2637 maior:
1073 2593 1271 2670 aequa
1313 2573 1454 2657 lege
1477 2572 1841 2637 Necessitas

753 2655 1030 2721 Sortitur
1071 2656 1357 2741 insignes
1403 2659 1468 2720 et
1516 2657 1707 2742 imos3

857 2739 1061 2805 Omne
1103 2761 1300 2823 capax
1341 2743 1555 2804 movet
1593 2762 1755 2805 urna
1795 2759 2049 2803 nomen.

659 2873 1015 2939 Destrictus
1060 2875 1226 2938 ensis
1272 2875 1373 2939 cui
1417 2896 1605 2971 super
1647 2876 1822 2959 inpia
1896 2883 1900 2887 ’

661 2956 919 3024 Oervice
961 2957 1223 3043 pendet,
1266 2979 1402 3023 non
1445 2957 1692 3024 Siculae
1735 2958 1927 3042 dapes

749 3041 1015 3107 Dulcem
1060 3042 1477 3107 elaborabunt
1518 3063 1837 3126 saporem,

860 3125 1013 3196 Non
1055 3126 1264 3191 avium
1310 3125 1710 3210 citharaeque
1755 3127 1974 3191 cantus

660 3259 967 3325 Somnum
1009 3260 1329 3325 reducent.
1418 3262 1691 3326 Somnus
1735 3260 2075 3345 agrestium

656 3342 847 3407 Lenis
892 3344 1169 3408 virorum
1210 3365 1347 3408 non
1386 3344 1657 3409 humiles
1703 3344 1922 3408 domos

748 3426 1022 3492 Fastidit
1064 3429 1548 3511 umbrosamque
1590 3429 1823 3514 ripam,

853 3510 917 3577 N
921 3532 1005 3576 on
1049 3511 1340 3597 zephyris
1385 3514 1625 3598 agitata
1665 3516 1894 3597 tempe.
