2588 4046
134 259 345 332 xm]

998 257 1230 313 LIBER.

366 419 557 496 ‘Quid
601 419 910 485 obseratis
955 419 1213 484 auribus
1257 418 1472 485 fundis
1518 418 1778 504 preces?

364 504 521 569 Non
564 525 719 568 saxa
760 502 947 568 nudis
992 503 1282 568 surdiora
1325 502 1557 568 navitis

362 588 707 672 Neptunus
752 587 881 652 alto
925 586 1138 652 tundit
1180 587 1485 652 hibernus
1530 587 1686 652 salo.

365 672 619 736 Inultus
660 674 735 736 ut
773 675 845 736 tu
888 672 1102 736 riseris
1148 669 1241 736 Go
1378 672 1434 735 ‘a

366 756 494 820 Vol
544 758 679 839 ata,
726 777 973 821 sacrum
1016 756 1202 820 liberi
1242 673 1612 840 ῗξὲἰᾶἰῃίε,

364 840 457 905 Et
557 840 818 923 squilini
907 839 1151 904 ontifex
1193 839 1458 904 venefici

364 924 617 1008 Inpune
659 926 731 987 ut
771 922 867 989 Vr
912 945 1014 988 em
1054 924 1316 992 nomine
1358 923 1623 1007 inpleris
1668 922 1855 988 meo?

367 1007 535 1083 Quid
575 1007 878 1105 proderat
921 1008 1159 1072 ditasse
1202 1007 1546 1092 Paelignas
1591 1027 1778 1090 anus,

365 1092 746 1157 Velociusve
789 1092 1118 1157 miscuisse
1160 1090 1486 1156 toxicum?

367 1176 495 1241 Sed
537 1175 817 1240 tardiora
858 1176 993 1240 fata
1034 1178 1099 1240 te
1141 1176 1310 1240 votis
1352 1177 1642 1240 manent·

365 1260 634 1346 Ingrata
674 1260 907 1325 misero
952 1260 1085 1325 vita
1126 1259 1476 1325 ducendast
1516 1260 1586 1323 in
1625 1225 1782 1342 boc,

363 1344 571 1410 Novis
619 1347 688 1408 ut
727 1365 926 1428 usque
972 1346 1273 1428 suppetas
1318 1343 1663 1409 laboribus.

367 1428 566 1512 Optat
609 1429 886 1512 quietem
928 1428 1182 1512 Pelopis
1225 1427 1408 1492 infidi
1449 1430 1658 1512 pater,

362 1513 585 1597 Egens
631 1512 945 1598 benignae
988 1512 1297 1577 Tantalus
1342 1533 1477 1577 sem
1524 1533 1592 1576 er
1634 1511 1846 1595 dapis,

366 1596 568 1681 Optat
610 1596 1026 1662 Prometheus
1070 1596 1391 1681 obligatus
1506 1596 1574 1660 'ti
1585 1644 1604 1679 ‚

366 1681 569 1765 Optat
614 1702 908 1765 supremo
954 1681 1265 1745 collocare
1310 1680 1410 1745 Sis
1497 1679 1619 1744 hus

364 1764 446 1829 In
488 1768 707 1829 monte
751 1786 1002 1850 saxum3
1048 1764 1162 1829 sed
1203 1702 1497 1829 vetantyl'

365 1848 564 1914 Voles
608 1848 799 1914 modo
844 1849 989 1914 altis
1034 1848 1285 1913 desilire
1329 1848 1640 1931 turribus,

366 1933 562 1997 Modo
609 1954 759 1997 ense
801 1936 1022 2017 pectus
1064 1932 1304 1999 Norico
1348 1931 1703 2015 recludere,

671 2039 750 2083 ue
792 2017 1004 2084 vincla
1044 2017 1289 2103 gutturi
1331 2018 1550 2082 nectes
1593 2019 1705 2081 tuo
1714 2064 1735 2101 ,

365 2101 725 2167 Fastidiosa
763 2102 966 2166 tristis
1010 2102 1423 2188 aegrimonia.
1447 2185 1461 2199 ·

365 2186 689 2252 Vectabor
730 2187 963 2251 umeris
1005 2190 1160 2251 tunc
1205 2207 1325 2272 ego
1370 2186 1647 2250 inimicis
1692 2206 1914 2269 eques,

365 2270 677 2355 Meaeque
718 2273 887 2335 terra
930 2271 1111 2335 cedet
1153 2270 1550 2335 insolentiae.

366 2357 476 2419 An
520 2376 682 2439 quae
725 2376 977 2419 movere
1023 2376 1233 2420 cereas
1278 2355 1623 2440 imagines,

366 2439 459 2505 Vt
499 2440 638 2523 ipse
677 2441 850 2504 nosti
893 2439 1207 2523 curiosus,
1253 2441 1319 2504 et
1357 2439 1509 2524 polo

367 2523 671 2620 Deripere
713 2522 961 2587 Lunam
1001 2524 1263 2588 vocibus
1304 2523 1546 2607 possim
1589 2522 1777 2606 meis,

367 2607 619 2671 Possim
664 2609 973 2672 crematos
1019 2608 1290 2672 excitare
1333 2610 1618 2671 mortuos

369 2690 783 2775 Desiderique
823 2694 1176 2775 temperare
1219 2691 1480 2776 pocula,

368 2773 622 2841 Plorem
666 2775 822 2839 artis
865 2776 936 2840 in
976 2779 1041 2840 te
1085 2776 1180 2840 nil
1222 2775 1474 2861 agentis
1518 2773 1824 2840 exitum?’

1488 1784 1641 1849 eges
1684 1763 1874 1829 Iovis.

1968 249 2088 317 123

2021 1019 2089 1068 60

2020 1439 2085 1487 65

2020 1859 2086 1908 70

2019 2279 2084 2330 ‘16

2016 2701 2084 2752 8⁰
