2588 4046
420 244 547 310 202
1128 248 1641 308 smsrvmzvm
2179 252 2355 326 [xm

1277 449 1478 526 xm.

547 580 639 647 Vt
679 581 1186 665 proficiscentem
1232 581 1420 646 docui
1461 584 1525 646 te
1570 602 1761 680 saepe
1805 582 2066 681 diuque,

546 666 844 751 Augusto
887 666 1113 731 reddes
1157 666 1418 751 signata
1458 666 1814 749 volumina,
1859 666 2013 734 Vini
2022 714 2042 752 ‚

550 748 619 815 Si
660 750 938 834 validm,
984 750 1039 814 si
1081 751 1282 814 laetus
1328 750 1477 833 erit,
1525 750 1581 815 si
1624 749 1895 834 denique
1938 756 2196 837 poscet3

548 833 648 900 Ne
691 833 901 899 studio
944 834 1151 898 nostri
1191 854 1416 917 pecces
1460 833 1799 918 odiumque
1843 834 2074 899 libellis

484 932 518 981 5
549 917 816 984 Sedulus
858 917 1143 1002 inportes
1188 939 1384 1001 opera
1424 920 1714 983 vemente
1756 918 2065 984 minister.

549 1001 618 1068 Si
659 1004 725 1066 te
767 1002 933 1066 forte
974 1022 1151 1067 meae
1193 1002 1408 1086 gravis
1450 1005 1594 1066 uret
1636 1002 1886 1066 sarcina
1929 1002 2219 1087 chartae,

547 1085 805 1151 Abicite
848 1086 1061 1170 potius
1071 1133 1091 1169 ‚
1136 1107 1329 1169 quam
1371 1106 1496 1170 quo
1541 1086 1819 1170 perferre
1855 1086 2096 1150 'iuberis

550 1170 836 1236 Clitellas
880 1170 1050 1235 ferus
1093 1170 1418 1255 inpingas,
1464 1170 1828 1254 Asinaeque
1870 1173 2209 1255 paternum

551 1252 929 1351 Cognomen
968 1256 1178 1319 vertas
1221 1255 1292 1318 in
1332 1254 1532 1319 risum
1577 1257 1641 1319 et
1683 1254 1900 1319 fabula
1942 1254 2078 1319 fias.

456 1351 520 1400 ιο
548 1337 809 1402 Viribus
851 1338 1049 1403 uteris
1092 1359 1207 1438 per
1250 1338 1478 1422 clivos,
1521 1338 1814 1422 flumina,
1857 1339 2086 1423 lamas3

549 1420 775 1487 Victor
815 1422 1131 1519 propositi
1174 1421 1364 1486 simul
1406 1444 1482 1487 ac
1523 1423 1886 1507 perveneris
1928 1423 2112 1507 illuc,

551 1505 657 1572 Sic
698 1508 978 1589 pos1tum
1022 1507 1304 1571 servabis
1348 1525 1539 1590 onus,
1582 1528 1666 1571 ne
1708 1507 1873 1571 forte
1917 1507 2034 1571 sub
2080 1508 2184 1571 ala

551 1589 953 1655 Fasciculum
1042 1592 1211 1655 ortes
1253 1590 1564 1655 librorum
1605 1594 1677 1655 ut
1717 1591 1991 1656 rusticus
2037 1612 2314 1677 agnum,

550 1673 642 1739 Vt
682 1674 908 1739 vinosa
948 1696 993 1760 g
1021 1696 1199 1740 omus
1242 1674 1514 1739 furtivae
1555 1677 1599 1757 †
1620 1674 1887 1758 Pyrrhia
1927 1676 2141 1759 lanae,

456 1772 519 1822 15
550 1757 641 1823 Vt
682 1779 827 1823 cum
869 1758 1104 1842 pileolo
1148 1758 1354 1823 soleas
1399 1758 1666 1823 conviva
1705 1760 1976 1824 tribulis.

551 1842 697 1907 Neu
732 1842 923 1927 volgo
966 1863 1212 1926 narres,
1255 1845 1321 1907 te
1365 1841 1687 1908 sudavisse
1729 1843 1990 1908 ferendo

554 1924 882 2009 Carmina,
928 1948 1089 2010 quae
1130 1927 1384 2011 possint
1423 1926 1642 1992 oculos
1684 1948 1990 2011 auresque
2033 1930 2270 1993 morari

554 2008 869 2095 Caesaris3
916 2014 1129 2076 oratus
1173 2012 1374 2076 multa
1416 2032 1630 2096 prece,
1672 2012 1908 2077 nitere:
1952 2034 2144 2097 porro

554 2093 766 2178 Vade,
812 2095 979 2179 vale,
1023 2116 1173 2160 cave
1215 2117 1298 2160 ne
1341 2095 1578 2161 titubes
1607 2097 2028 2181 mandataque
2072 2098 2356 2184 frangas.

1268 2386 1501 2461 xlm,

553 2516 759 2583 Vilice
803 2515 1105 2581 silvarum
1147 2518 1211 2581 et
1252 2516 1412 2581 mihi
1455 2539 1557 2582 me
1597 2518 1921 2583 reddentis
1964 2519 2188 2604 agelli,

555 2601 758 2677 Quem
798 2603 873 2664 tu
914 2599 1161 2664 fastidis
1175 2650 1193 2684 ‚
1237 2600 1596 2666 habitatum
1638 2603 1915 2687 quinque
1957 2603 2119 2669 focis
2163 2607 2230 2669 et

555 2685 846 2768 Quinque
889 2684 1093 2749 bonos
1136 2685 1397 2749 solitum
1437 2684 1697 2750 Variam
1741 2686 2056 2752 dimittere
2111 2691 2364 2775 patres,

556 2768 915 2851 Certemus,
962 2769 1178 2853 spinas
1222 2769 1518 2834 animone
1561 2791 1596 2835 e
1643 2791 1682 2834 o
1725 2771 1953 2836 fortius
1997 2793 2082 2836 an
2123 2775 2197 2838 tu

491 2867 525 2916 5
555 2853 811 2917 Evellas
855 2873 1064 2937 agro„
1087 2855 1153 2916 et
1192 2853 1419 2918 melior
1462 2854 1547 2919 sit
1654 2855 1893 2919 oratius
1935 2877 2020 2920 an
2061 2876 2184 2921 res.

553 2937 661 3001 Me
704 2936 988 3020 quamvis
1031 2935 1289 3001 Lamiae
1331 2937 1535 3021 pietas
1579 2941 1644 3002 et
1686 2960 1837 3003 cura
1878 2942 2193 3023 moratur,

553 3020 841 3085 Fratrem
883 3020 1255 3105 maerentis,
1300 3024 1485 3105 rapto
1531 3021 1609 3087 de
1650 3022 1844 3087 fratre
1888 3023 2164 3088 dolentis

552 3103 1012 3189 Insolabiliter3
1056 3107 1275 3169 tamen
1316 3104 1480 3169 istuc
1522 3127 1703 3170 mens
1746 3107 2123 3191 animusque

552 3187 704 3253 Fert
747 3191 811 3252 et
852 3191 1024 3253 amat
1066 3189 1288 3272 spatiis
1333 3189 1653 3254 obstantia
1692 3212 1836 3254 rum
1882 3211 1985 3256 ere
2030 3191 2331 3259 claustra.

461 3285 527 3335 ιο
555 3271 725 3337 Rure
770 3292 889 3357 ego
935 3273 1282 3356 viventem,
1327 3275 1399 3336 tu
1444 3273 1601 3338 dicis
1644 3274 1715 3338 in
1755 3213 1911 3339 urge
1954 3274 2244 3341 beatum:

553 3354 675 3422 Cui
714 3357 924 3440 placet
965 3357 1223 3421 alterius
1236 3406 1255 3440 ‚
1301 3379 1415 3421 sua
1456 3358 1820 3423 nimirumst
1863 3359 2008 3423 odio
2054 3380 2214 3424 sors.

554 3439 800 3505 Stultus
828 3441 1091 3525 uterque
1134 3440 1346 3505 locum
1374 3442 1741 3507 inmeritum
1770 3446 2064 3508 causatur
2105 3443 2360 3528 inique:

546 3523 626 3588 Iu
667 3525 918 3608 culpast
958 3524 1240 3608 animus,
1286 3525 1396 3608 qui
1439 3547 1507 3590 se
1549 3547 1683 3591 non
1726 3527 1949 3613 effugit
1990 3549 2315 3613 umquam.
