2588 4046
127 251 339 327 xxm]
872 256 1088 311 msera
1129 256 1223 313 m.

899 437 962 511 X
965 438 1193 512 XVH.

343 568 559 654 Inpios
603 591 823 654 parrae
866 569 1209 634 recinentis
1253 590 1445 633 omen

346 653 551 719 Ducat
594 657 658 719 et
698 675 1057 739 praegnans
1101 653 1277 717 canis
1322 657 1433 717 aut
1474 654 1554 717 ab
1604 674 1759 738 agro

343 737 518 802 Rava
563 739 901 803 decurrens
946 738 1096 821 lupa
1138 736 1468 802 Lanuvino

432 822 715 906 Fetaque
757 822 1005 905 volpes3

341 956 622 1041 Rumpat
659 960 724 1021 et
756 977 1015 1040 serpens
1059 958 1181 1020 iter
1223 957 1616 1041 institutum,

344 1039 412 1106 Si
454 1063 569 1125 per
612 1041 940 1124 obliquum
983 1040 1209 1105 similis
1255 1041 1525 1137 sagittae

342 1123 594 1190 Terruit
636 1146 936 1190 mannos:
984 1146 1102 1209 ego
1149 1125 1251 1189 cui
1294 1125 1565 1209 timebO,

433 1208 746 1273 Providus
791 1230 1056 1293 auspex,

343 1347 707 1428 Antequam
749 1346 989 1408 stantes
1032 1346 1279 1427 repetat
1321 1343 1581 1427 paludes

341 1426 650 1493 Imbrium
693 1427 907 1492 divina
949 1428 1083 1492 avis
1125 1428 1578 1512 inminentum,

345 1510 643 1577 Oscinem
687 1533 947 1577 corvum
988 1531 1174 1597 prece
1220 1512 1538 1577 suscitabo

437 1594 605 1660 Solis
651 1596 731 1660 ab
776 1598 937 1660 ortu.

350 1726 446 1795 Sis
490 1730 644 1795 licet
684 1730 865 1811 felix,
910 1730 1288 1814 ubicumque
1330 1730 1564 1815 mavis,

347 1813 433 1879 Et
472 1834 719 1879 memor
757 1814 991 1903 nostri,
1039 1813 1334 1897 Galatea,
1376 1814 1581 1899 vivas3

351 1897 437 1963 Te
480 1920 559 1964 ue
601 1919 723 1963 nec
764 1910 980 1963 laevus
1023 1902 1198 1963 vetat
1239 1899 1332 1962 ire
1380 1900 1560 1982 picus

505 2004 577 2048 ec
618 2003 782 2068 vaga
825 1983 1063 2048 cornix,

354 2117 474 2183 Sed
515 2118 723 2202 videa,
768 2121 1004 2202 quanto
1049 2118 1324 2202 trepidet
1364 2119 1644 2183 tumultu

352 2201 595 2267 Pronus
640 2202 857 2267 Orion.
944 2201 1088 2287 Ego
1134 2203 1285 2286 quid
1331 2203 1417 2268 sit
1458 2205 1593 2267 ater

352 2285 626 2350 Hadriae
669 2286 821 2350 novi
864 2286 1041 2351 sinus
1086 2289 1151 2350 et
1194 2286 1345 2370 quid
1390 2287 1570 2351 albus

441 2371 672 2435 Peccet
712 2369 930 2454 Iapyx,

354 2503 652 2569 Hostium
692 2526 920 2569 uxores
963 2505 1265 2603 puerique
1312 2526 1532 2571 caecos

357 2587 648 2653 Sentiant
687 2591 900 2653 motus
946 2589 1208 2653 orientis
1250 2589 1475 2653 Austri
1518 2592 1583 2653 et

354 2672 448 2737 Ae
490 2673 663 2739 uoris
705 2673 877 2770 nigri
918 2672 1242 2738 fremitum
1286 2676 1352 2737 et
1392 2677 1734 2739 trementes

505 2758 722 2822 erbere
762 2778 955 2841 npas.

355 2891 456 2958 Sic
499 2894 564 2957 et
604 2891 861 2975 Europe
901 2892 1160 2956 niveum
1203 2891 1423 2956 doloso

355 2976 635 3042 Credidit
674 2979 858 3040 tauro
901 2975 1068 3041 latus
1145 2978 1210 3040 et
1252 2978 1604 3040 scatentem

354 3058 566 3125 Beluis
608 3063 879 3144 pontum
921 3060 1283 3144 mediasque
1326 3059 1579 3124 fraudes

444 3145 682 3209 Palluit
724 3143 956 3210 audax:

355 3277 460 3344 Nu
503 3300 571 3343 er
613 3279 681 3343 in
724 3279 924 3363 pratis
969 3278 1254 3344 studiosa
1293 3279 1524 3343 florum
1568 3282 1634 3345 et

356 3360 450 3427 De
494 3363 620 3428 itae
662 3361 981 3447 Nymphis
1025 3384 1063 3427 o
1110 3363 1238 3427 ifex
1282 3383 1555 3427 coronae

357 3443 558 3513 Nocte
602 3447 906 3512 sublustri
1000 3447 1013 3461 ”
1069 3448 1081 3461 “
1156 3449 1329 3511 astra
1370 3450 1620 3532 praeter

446 3529 625 3596 Vidit
667 3535 732 3598 et
773 3531 997 3597 undas.

1935 248 2011 314 77

1953 1440 2016 1490 10

1955 1912 2015 1961 15

1952 2384 2018 2433 20

1956 2906 2020 2954 25

1857 3375 2024 3448 [30
