2588 4046
174 234 282 310 V.]

1010 237 1224 292 LIBER
1266 237 1338 295 II·

1114 469 1202 544 V.

397 599 703 665 Nondum
746 599 1008 665 subacta
1046 601 1213 665 ferre
1255 601 1477 686 iugum
1519 601 1687 666 valet

400 683 691 767 Cervice‚
735 685 1021 749 nondum
1063 685 1283 748 munia
1327 686 1616 770 conparis

507 769 604 833 Ae
648 790 799 832 uare
842 789 961 832 nec
1002 769 1170 833 tauri
1211 770 1457 833 ruentis

729 873 1027 917 venerem
1068 854 1341 917 tolerare
1382 853 1653 937 pondus,

401 986 589 1052 Circa
629 987 906 1051 virentes
952 991 1050 1051 est
1091 988 1339 1053 animus
1384 991 1529 1052 tuae

399 1070 678 1154 Campos
722 1072 1053 1155 iuvencae,
1097 1093 1269 1136 nunc
1311 1072 1519 1136 fluviis
1562 1093 1823 1156 gravem

510 1154 790 1221 Solantis
835 1158 1107 1239 aesm,
1151 1177 1323 1220 nunc
1365 1157 1435 1220 in
1477 1156 1603 1220 udo

606 1239 850 1303 Ludere
896 1260 1039 1304 cum
1080 1240 1299 1304 vitulis
1344 1241 1565 1305 salicto

396 1373 915 1458 Praegestientis.
1005 1373 1188 1438 Tolle
1234 1375 1594 1458 cupidinem

398 1457 658 1522 Inmitis
701 1479 891 1522 uvae:
936 1458 1064 1521 iam
1108 1458 1228 1522 tibi
1271 1458 1501 1524 lividos

505 1541 880 1626 Distinguet
929 1545 1268 1607 autumnus
1313 1564 1597 1608 racemos

606 1626 931 1710 Purpureo
977 1627 1187 1690 varius
1232 1627 1461 1691 colore.

394 1762 538 1824 Iam
579 1762 644 1824 te
689 1763 1015 1844 sequetur:
1061 1762 1259 1825 currit
1303 1762 1472 1826 enim
1515 1763 1695 1826 ferox

393 1846 616 1925 Aetas,
655 1848 720 1908 ef,
755 1844 881 1928 illi,
920 1845 1093 1928 quod
1118 1845 1237 1909 tibi
1280 1846 1607 1930 demserit,

506 1929 612 1992 Ad
659 1933 812 1992 onet
851 1950 1085 2013 annus3
1127 1929 1253 1993 iam
1294 1932 1592 2013 proterva

696 2015 846 2077 onlze
887 2015 1064 2097 petet
1105 2012 1343 2100 Lalage
1385 2014 1681 2079 maritum
1693 2065 1711 2099 ,

391 2148 681 2231 Dilecta,
735 2152 1040 2231 quantum
1080 2169 1215 2212 non
1257 2148 1502 2214 Pholoe
1544 2150 1739 2235 fugax
1748 2199 1767 2232 ,

392 2232 553 2298 Non
597 2231 851 2297 Chloris
861 2281 880 2316 ‚
924 2232 1069 2296 albo
1116 2232 1208 2296 sic
1250 2255 1472 2298 umero
1515 2235 1757 2316 nibem,

505 2315 599 2381 Ut
638 2338 799 2399 pura
838 2319 1151 2381 nocturno
1196 2317 1446 2382 renidet

610 2400 793 2464 Luna
834 2401 993 2464 mari
1038 2399 1382 2466 Cnidiusve
1427 2401 1672 2486 Gyge8‚

394 2536 606 2612 Quem
650 2535 705 2598 si
748 2536 1100 2618 puellarum
1142 2536 1453 2600 insereres
1501 2535 1727 2620 choro,

391 2620 564 2684 Mire
608 2639 868 2702 sagaces
909 2619 1162 2683 falleret
1201 2619 1489 2703 hospites

507 2702 873 2767 Discrimen
915 2703 1255 2767 obscurum
1300 2704 1526 2768 solutis

613 2785 909 2852 Crinibus
954 2788 1377 2873 ambiguoque
1422 2788 1618 2852 voltu.

1100 3128 1222 3202 VI.

394 3258 675 3343 Septimi
685 3308 704 3343 ,
750 3259 956 3324 Gades
1003 3259 1253 3323 adibure'
1288 3279 1537 3322 mecum
1581 3260 1646 3323 et

394 3344 793 3410 Cantabrum
836 3343 1164 3407 indoctum
1205 3343 1359 3427 iuga
1400 3343 1565 3406 ferre
1608 3345 1828 3407 nostra
1871 3349 1935 3408 et

393 3428 719 3493 Barbaras
763 3428 1011 3511 SyrteS,
1061 3427 1173 3490 ubi
1214 3426 1439 3491 Maura
1481 3448 1730 3511 semper

512 3513 786 3577 Aestuaiz
826 3512 1026 3595 unda,

1759 3618 1826 3665 3-

2067 1471 2131 1520 10

2067 1942 2129 1991 15

2063 2415 2129 2464 20
