2588 4046
414 264 497 328 70

419 1503 482 1550 10

420 1971 482 2021 15

414 3388 478 3436 10

1175 266 1566 322 CARMINVM

1239 499 1500 572 XVHI.

584 630 800 697 Faune
810 681 829 716 ,
873 629 1317 715 Nympharum
1358 630 1719 715 fugientum
1763 633 2005 694 amator
2019 678 2038 714 ‚

583 715 706 782 Per
746 736 923 781 meos
966 716 1125 779 fines
1170 717 1235 779 et
1277 715 1493 798 aprica
1534 736 1683 778 rura

582 800 774 865 Lenis
817 799 1074 864 incedas
1119 799 1435 882 abeasque
1476 799 1687 881 parvis

666 885 926 967 Aequus
970 883 1243 948 alumnis
1257 931 1276 967 ,

585 1018 653 1084 Si
695 1021 877 1083 tener
918 1019 1112 1102 pleno
1156 1016 1326 1082 cadit
1366 1015 1606 1081 haedus
1651 1036 1851 1102 anno,

584 1108 793 1187 Larga
833 1123 953 1166 nec
996 1102 1226 1167 desunt
1266 1099 1537 1165 Veneris
1582 1100 1787 1165 sodali

581 1185 753 1250 Vina
796 1189 1105 1269 craterae,
1150 1188 1334 1250 vetus
1377 1206 1487 1249 ara
1530 1186 1732 1250 multo

668 1269 901 1334 Fumat
941 1269 1154 1334 odore.

582 1404 774 1470 Ludit
815 1403 1088 1469 herboso
1132 1425 1327 1489 pecus
1372 1425 1559 1469 omne
1605 1425 1857 1488 campo,

588 1489 752 1554 Cum
792 1489 912 1553 tibi
952 1487 1181 1554 Nonae
1228 1488 1497 1553 redeunt
1538 1487 1952 1571 Decembres3

583 1573 811 1638 Festus
853 1573 924 1636 in
967 1573 1167 1656 pratis
1210 1575 1396 1636 vacat
1439 1572 1646 1636 otioso

669 1656 833 1722 Cum
875 1657 1036 1721 bove
1080 1677 1314 1740 pagus3

583 1791 760 1857 Inter
802 1791 1070 1856 audaces
1115 1790 1304 1875 lupus
1349 1793 1518 1855 errat
1560 1812 1793 1877 agnos3

584 1875 745 1959 Spar
795 1875 844 1938 ‘t
884 1876 1167 1959 agrestes
1209 1875 1332 1939 tibi
1376 1875 1534 1940 silva
1575 1874 1863 1960 frondes3

593 1959 732 2026 Gau
778 1962 843 2023 et
882 1959 1153 2023 invisam
1195 1959 1515 2045 pepulisse
1557 1959 1767 2023 fossor

667 2043 790 2109 Ter
831 2044 992 2129 pede
1033 2045 1286 2110 terram.

1226 2236 1529 2246 ...ι-

1225 2385 1523 2459 XVEII.

584 2519 904 2595 Quantum
948 2516 1140 2581 distet
1181 2517 1261 2579 ab
1305 2515 1544 2580 Inacho

668 2602 913 2668 Codrus
955 2621 1072 2685 pro
1116 2600 1324 2684 patria
1363 2621 1499 2664 non
1539 2599 1798 2664 timidus
1841 2601 2003 2663 mori

583 2686 821 2751 Narras
866 2687 931 2749 et
970 2705 1174 2769 genus
1216 2684 1418 2748 Aeaci

666 2769 755 2834 Et
796 2771 1083 2853 pugnata
1126 2788 1306 2832 sacro
1350 2768 1521 2832 bella
1564 2768 1681 2831 sub
1725 2766 1876 2851 Πίος

580 2904 718 2979 Quo
765 2902 997 2968 Chium
1038 2903 1243 2986 pretio
1290 2902 1516 2966 cadum

2121 266 2357 339 [xvm.

664 2987 1047 3069 Mercemur,
1093 2986 1233 3069 quis
1277 3007 1510 3070 aquam
1551 2987 1860 3070 temperet
1901 2984 2197 3070 ignibus,

584 3071 724 3147 Quo
767 3070 1114 3154 praebente
1160 3070 1421 3135 domum
1462 3073 1528 3135 et
1570 3073 1766 3153 quota

666 3153 991 3239 Paelignis
1037 3174 1285 3219 caream
1329 3154 1705 3238 frigoribus,
1749 3155 1939 3217 taces.

580 3288 679 3353 Da
721 3289 911 3353 lunae
953 3310 1221 3386 propere
1262 3310 1497 3373 novae,

661 3371 763 3437 Da
802 3376 1011 3437 noctis
1053 3373 1331 3454 mediae,
1376 3372 1488 3455 da,
1531 3394 1718 3457 puer,
1763 3370 2019 3456 auguris

580 3457 914 3521 Murenae:
958 3457 1161 3520 tribus
1205 3459 1319 3520 aut
1358 3477 1590 3522 novem

662 3538 1013 3606 Miscentor
1056 3539 1304 3624 cyathis
1347 3540 1578 3623 pocula
1620 3538 1988 3606 commodis.
2028 3625 2033 3628 -
