2588 4046
178 260 348 334 va]
1032 259 1263 315 LIBER.
1991 255 2108 321 121

304 421 504 487 Mella
547 442 701 487 cava
741 425 1007 486 manant
1050 442 1127 485 ex
1170 421 1347 505 ilice,
1390 422 1716 487 montibus
1762 423 1907 489 altis

388 505 579 570 Levis
623 508 920 590 crepante
964 504 1227 589 lympha
1270 504 1486 570 desilit
1524 506 1703 590 pede.

304 590 447 654 Illic
491 590 771 654 iniussae
814 590 1080 654 veniunt
1122 589 1202 654 ad
1245 590 1517 654 mulctra
1559 591 1870 675 capellae,

284 701 293 708 ·
388 673 733 757 Refertque
775 677 954 739 tenta
994 694 1151 757 grex
1195 675 1437 738 amicus
1481 675 1707 759 ubera,
2043 688 2112 740 50

302 757 443 825 Nec
486 758 883 842 vespertinus
928 758 1369 842 circumgemit
1408 779 1593 823 ursus
1638 759 1802 824 ovile
1815 808 1835 843 ,

389 841 530 908 Nec
570 842 939 908 intumescit
981 842 1112 906 alta
1152 842 1388 925 viperis
1430 842 1682 907 humus.

303 926 621 1009 Pluraque
665 926 883 991 felices
924 925 1325 1009 mirabimur,
1370 929 1442 990 ut
1482 941 1565 991 ne
1609 947 1689 991 ue
1731 927 1927 1014 largis

391 1010 689 1094 Aquosus
732 1010 944 1075 Eurus
988 1030 1141 1074 arva
1180 1010 1366 1074 radat
1409 1010 1598 1075 imbr1
1644 1032 1719 1075 us
1728 1059 1747 1093 ,

305 1093 382 1158 Pi
525 1094 584 1157 ‘a
625 1115 744 1159 nec
788 1094 972 1160 siccis
1015 1097 1280 1159 urantur
1326 1094 1568 1158 semina
1608 1095 1888 1180 glaebis,
2041 1109 2108 1161 65

450 1181 743 1261 trumque
784 1199 937 1263 rege
977 1181 1372 1261 temperante
1417 1179 1730 1243 caelitum.

303 1260 459 1328 Non
498 1261 625 1327 huc
663 1262 884 1347 Argoo
931 1261 1261 1326 contendit
1301 1262 1542 1360 remige
1583 1263 1802 1347 pinuS,

389 1344 453 1411 N
535 1367 615 1410 ue
656 1346 957 1443 inpudica
1001 1344 1259 1412 Colchis
1304 1346 1522 1411 intuht
1563 1347 1817 1433 pedem3

302 1429 459 1495 Non
546 1450 626 1494 uc
670 1428 915 1495 Sldonii
959 1432 1281 1494 torserunt
1324 1451 1562 1495 cornua
1602 1435 1855 1510 nautae,

388 1512 738 1578 Laboriosa
779 1534 899 1579 nec
942 1513 1171 1579 cohors
1214 1513 1446 1579 Vlixei.
2041 1533 2107 1582 60

302 1597 502 1664 Nulla
545 1600 780 1663 nocent
818 1598 1035 1682 pecori
1079 1599 1408 1683 contagia,
1452 1599 1690 1664 nullius
1736 1602 1891 1665 astri

391 1680 667 1767 Gregem
710 1685 1005 1747 aestuosa
1045 1684 1248 1747 torret
1290 1682 1666 1767 inpotentia.

303 1765 380 1830 Iu
469 1766 593 1829 iter
633 1766 747 1831 illa
786 1767 932 1850 piae
975 1766 1244 1832 secrevit
1286 1766 1475 1832 litora
1514 1769 1725 1852 genti,

449 1852 478 1913 t
520 1849 591 1913 in
634 1849 883 1915 uinavit
924 1871 1067 1916 aere
1108 1853 1362 1948 tempus
1407 1872 1700 1937 aureum3

303 1934 500 2015 Aere,
547 1932 623 1997 de
671 1934 776 1999 inc
817 1934 986 1999 ferro
1034 1935 1283 2000 duravit
1327 1936 1606 2020 saecula,
1653 1956 1920 2020 quorum
2042 1951 2106 2000 65

386 2016 521 2082 Piis
568 2018 845 2085 secunda
889 2021 1032 2084 vate
1074 2041 1176 2083 me
1222 2018 1409 2084 datur
1449 2019 1623 2105 fuga.

1021 2309 1246 2385 XVII.

301 2437 461 2502 ‘Iam
506 2440 634 2503 iam
679 2439 924 2505 efficaci
967 2440 1046 2504 do
1089 2461 1318 2504 manus
1366 2441 1698 2525 scientiae,

300 2521 585 2608 Supplex
632 2526 695 2588 et
739 2544 849 2588 oro
891 2546 1093 2609 regna
1134 2545 1249 2609 per
1291 2524 1743 2609 Proserpinae,

299 2606 420 2671 Per
465 2610 530 2671 et
573 2606 819 2672 Dianae
862 2629 993 2673 non
1036 2609 1352 2673 movenda
1391 2611 1686 2692 numina,

299 2690 421 2755 Per
464 2694 656 2775 atque
699 2691 895 2757 libros
940 2693 1292 2757 carminum
1334 2693 1686 2760 valentium

297 2774 521 2840 Refixa
564 2775 738 2840 caelo
784 2775 1090 2842 devocare
1134 2777 1374 2859 sidera,
2069 2788 2106 2848 5

298 2857 600 2942 Canidia,
644 2880 834 2943 parce
876 2861 1139 2925 vocibus
1182 2861 1443 2925 tandem
1487 2861 1684 2925 sacris

298 2944 640 3027 Oitumque
683 2947 852 3009 retro
898 2945 1103 3027 solve,
1149 2945 1326 3009 solve
1369 2943 1725 3009 turbinem!

297 3027 504 3093 Movit
544 3029 844 3112 nepotem
887 3028 1201 3113 Telephus
1245 3028 1552 3095 Nereium
1563 3077 1582 3111 ,

295 3111 374 3176 In
419 3133 610 3197 quem
654 3112 962 3197 superbus
1007 3112 1333 3177 ordinarat
1376 3113 1637 3197 agmina

293 3195 623 3279 Mysorum
667 3199 733 3260 et
772 3197 842 3261 in
927 3217 1073 3261 uem
1113 3198 1245 3261 tela
1287 3201 1477 3261 acuta
1517 3200 1808 3263 torserat.
2040 3214 2104 3264 ιο

294 3279 550 3346 anere
596 3283 832 3345 matres
941 3280 1033 3344 'ae
1079 3280 1404 3345 addictum
1446 3280 1599 3345 feris

295 3364 580 3428 Alifibus
624 3367 816 3448 atque
859 3364 1124 3430 canibus
1166 3363 1554 3430 homicidam
1596 3364 1973 3448 Hectorem,

292 3447 644 3533 Postquam
686 3449 926 3514 relictis
969 3449 1305 3514 moenibus
1348 3470 1459 3514 rex
1498 3449 1779 3546 procidit

293 3531 437 3598 Heu
477 3532 832 3618 pervicacis
877 3533 958 3597 ad
1002 3533 1194 3617 pedes
1237 3532 1534 3598 Achillei.
