2588 4046
466 1754 530 1803 55

460 2748 527 2795 65

462 3215 529 3264 '10

1224 252 1620 310 CARMINVM

699 418 974 482 Insultet
1015 419 1372 481 armentum
1415 419 1480 480 et
1522 416 1767 480 catulos
1810 416 1983 480 ferae

702 501 928 567 Celent
968 501 1207 564 inultae
1221 549 1238 583 ,
1284 502 1410 564 stet
1453 499 1841 585 Capitolium

806 585 927 650 Ful
974 605 1086 649 ens
1127 582 1658 668 triumphatisque
1700 585 1907 667 possit

1007 689 1113 731 ma
1152 668 1334 732 ferox
1377 668 1525 732 dare
1569 668 1710 732 iura
1751 667 1978 732 Medis.

701 803 1037 867 Horrenda
1078 803 1207 867 late
1249 823 1487 867 nomen
1528 803 1598 866 in
1639 802 1897 886 ultimas

701 886 1025 951 Extendat
1067 907 1211 950 oras
1224 936 1243 970 ,
1289 907 1414 969 qua
1456 885 1700 951 medius
1744 885 1953 969 liquor

809 970 1095 1036 Seeernit
1133 969 1438 1054 Europen
1481 971 1560 1036 ab
1604 971 1799 1053 Afro,

908 1053 1048 1129 Qua
1088 1053 1370 1118 tumidus
1412 1054 1583 1139 rigat
1626 1075 1777 1118 arva
1818 1053 2037 1137 Nilus,

701 1189 946 1253 Aurum
988 1189 1377 1272 inrepertum
1421 1191 1486 1252 et
1527 1189 1618 1253 sie
1661 1187 1886 1252 melius
1930 1188 2155 1271 situm,

707 1272 869 1338 Cum
910 1275 1080 1336 terra
1124 1273 1317 1355 celat,
1365 1293 1660 1356 spernere
1702 1272 1930 1337 fortior

809 1355 1013 1431 Quam
1058 1377 1283 1441 cogere
1327 1356 1641 1421 humanos
1686 1356 1755 1419 in
1795 1378 1946 1421 usus

911 1439 1114 1504 Omne
1159 1461 1408 1504 sacrum
1450 1440 1737 1524 rapiente
1781 1440 2035 1506 dextra..

702 1574 1093 1658 Quicumque
1136 1575 1374 1638 mundo
1418 1575 1726 1639 terminus
1771 1574 2049 1659 obstitit,

702 1658 892 1723 Hunc
933 1661 1160 1744 tangat
1202 1659 1395 1722 armis
1405 1708 1424 1742 ‚
1468 1659 1670 1723 visere
1712 1659 2025 1756 gestiens,

808 1741 949 1817 Qua
989 1746 1168 1827 parte
1212 1743 1676 1808 debacchantur
1718 1764 1930 1828 ignes,

910 1826 1050 1902 Qua
1090 1827 1361 1892 nebulae
1403 1827 1724 1911 pluviique
1766 1847 1963 1892 rores.

704 1959 829 2026 Sed
870 1961 1189 2027 bellicosis
1233 1962 1371 2027 fata
1413 1962 1762 2039 Quiritibus

702 2042 843 2116 Hae
881 2047 1024 2130 lege
1068 2046 1242 2130 dieo‚·
1283 2069 1366 2111 ne
1408 2047 1678 2112 nimium
1719 2048 1813 2131 pii

807 2129 1146 2213 Rebusque
1187 2131 1455 2196 fidentes
1499 2132 1704 2196 avitae

917 2213 1112 2278 Tecta
1153 2215 1354 2279 velint
1394 2236 1687 2299 reparare
1731 2215 1976 2280 Troiae.

702 2346 928 2412 Troiae
972 2370 1309 2414 renascens
1354 2350 1503 2414 alite
1555 2350 1622 2415 lu
1710 2350 1811 2413 bri

700 2430 985 2496 Fortuna
1026 2433 1195 2497 tristi
1239 2434 1417 2497 clade
1458 2435 1621 2498 itera
1663 2435 1822 2517 itur,

811 2514 1100 2581 Ducente
1142 2517 1434 2582 victrices
1478 2520 1761 2582 catervas

910 2600 1197 2686 Coniuge
1240 2623 1343 2665 me
1385 2600 1556 2666 Iovis
1601 2605 1666 2667 et
1708 2622 1941 2668 sorore.

698 2733 823 2799 Ter
866 2734 920 2798 si
961 2737 1252 2820 resurgat
1292 2756 1510 2800 murus
1560 2736 1838 2801 aheneus

699 2819 977 2882 Auctore
1019 2818 1311 2902 Phoebo,
1355 2822 1454 2884 ter
1494 2824 1715 2903 pereat
1755 2820 1914 2885 meis

796 2901 1066 2966 Excisus
1110 2902 1403 2987 Argivis,
1447 2905 1546 2967 ter
1586 2925 1747 2968 uxor

907 2984 1111 3070 Capta
1152 2986 1361 3051 virum
1402 3008 1757 3071 puerosque
1799 2988 2054 3072 ploret-²

640 3176 646 3182 .
697 3119 851 3185 Non
891 3120 1013 3184 hoe
1055 3120 1311 3185 iocosae
1356 3121 1692 3186 conveniet
1734 3123 1940 3205 lyrae:

702 3202 871 3285 Quo,
916 3203 1128 3287 Musa,
1171 3204 1425 3269 tendis?
1512 3204 1750 3270 Desine
1792 3206 2089 3289 pervicax

794 3286 1053 3351 Referre
1098 3309 1422 3353 sermones
1467 3289 1728 3353 deorum
1772 3292 1837 3353 et

905 3370 1144 3457 Magna
1186 3372 1394 3437 modis
1437 3375 1699 3438 tenuare
1742 3374 1976 3457 parvis·

2274 254 2399 328 [111.
