2588 4046
423 248 542 312 142
1163 250 1589 308 summm
1768 211 1772 215 Α
2193 310 2199 318 ,
2254 252 2353 325 [V.

543 413 873 480 Flentibus
915 413 1022 478 hic
1063 411 1294 479 Varius
1340 413 1607 478 discedit
1647 416 1926 478 maestus
1970 414 2210 479 amicis.

543 499 702 564 Inde
745 498 966 564 Rubos
1008 497 1164 562 fessi
1252 498 1607 563 ervenimus
1618 546 1638 581 ,
1683 501 1906 596 utpote
1949 499 2218 596 longum

444 596 510 648 96
542 583 891 667 carpentes
933 582 1056 646 iter
1099 585 1164 647 et
1234 585 1447 647 actum
1491 586 1847 667 corruptius
1891 583 2101 647 imbn.

543 668 807 732 Postera
846 668 1193 751 tempestas
1225 667 1484 750 melior,
1527 667 1633 730 via
1673 668 1854 750 peior
1897 667 1977 731 ad
2017 688 2220 751 usque

542 751 693 816 Bari
736 751 990 816 moenia
1029 751 1294 835 piscosi3
1341 751 1490 815 dein
1534 749 1770 815 Gnatia
1812 750 2090 842 lymphis

543 836 731 900 Iratis
774 838 1095 900 exstructa
1138 835 1313 899 dedit
1352 835 1643 917 risusque
1685 836 2014 918 iocosque,

543 920 714 986 Dum
747 919 1002 983 flamma
1039 919 1177 984 sine
1214 922 1360 983 tura
1396 919 1742 1002 liquescere
1783 919 2004 983 limine
2036 940 2218 984 sacro

421 1017 518 1068 100
546 1003 929 1070 Persuadere
974 1004 1167 1087 cupit.
1255 1001 1490 1068 Credat
1530 1001 1799 1068 Iudaeus
1841 1004 2102 1087 Apella,

544 1089 694 1155 Non
719 1109 870 1174 ego:
892 1108 1167 1184 namque
1191 1087 1343 1152 deos
1365 1086 1557 1152 didici
1577 1107 1867 1154 securum
1889 1108 2078 1185 agere
2099 1108 2348 1172 aevum,

544 1173 708 1257 Nec,
759 1171 966 1256 siquid
1006 1171 1153 1235 m1ri
1195 1171 1392 1236 faciat
1431 1174 1687 1255 natura,
1732 1171 1885 1236 deos
1928 1172 1994 1236 1d

545 1258 785 1322 Tristes
830 1277 906 1320 ex
950 1256 1081 1320 alto
1127 1256 1284 1320 caeli
1328 1255 1659 1320 demittere
1700 1258 1892 1320 tecto.

544 1339 954 1406 Brundisium
997 1340 1229 1426 longae
1271 1340 1418 1404 finis
1463 1339 1841 1435 chartaeque
1886 1340 2164 1424 viaeque‘.

1310 1629 1434 1707 VI.

543 1764 697 1831 Non
737 1764 910 1847 quia,
953 1762 1319 1846 Maecenas,
1351 1762 1672 1845 Lydorum
1700 1762 2006 1847 quidquid
2034 1761 2345 1829 Etruscos
2482 1747 2483 1750 ¹

543 1848 822 1913 Incoluit
862 1847 1052 1930 fines,
1097 1867 1285 1911 nemo
1330 1847 1703 1931 generosior
1733 1850 1833 1911 est
1873 1850 1968 1931 te,

542 1933 681 1998 Nec
725 1931 894 2016 quod
922 1952 1075 1995 avus
1104 1931 1226 1995 tibi
1251 1934 1579 1996 maternus
1621 1931 1746 1995 fuit
1778 1934 1966 2016 atque
2007 1934 2315 2016 paternus
2326 1980 2348 2016 ,

545 2017 716 2083 Olim
759 2016 868 2100 qui
908 2015 1163 2102 magnis
1206 2015 1568 2102 legionibus
1611 2016 2081 2101 imperitarent,

475 2115 508 2165 ⁶
550 2101 642 2167 Vt
682 2101 969 2186 plerique
1012 2101 1250 2184 solent,
1293 2121 1453 2165 naso
1498 2100 1831 2185 suspendis
1873 2101 2124 2166 adunco

544 2185 577 2250 I
669 2188 841 2268 otos,
885 2188 958 2249 ut
998 2206 1101 2249 me
1143 2185 1441 2250 libertino
1486 2187 1667 2270 patre
1709 2188 1952 2251 natum.

602 2292 711 2335 um
752 2269 986 2334 referre
1029 2291 1256 2355 negas,
1303 2269 1477 2353 quali
1521 2269 1606 2333 sit
1647 2269 1913 2353 quisque
1999 2273 2222 2336 arente

542 2354 779 2437 Natus,
809 2352 960 2418 dum
986 2354 1334 2439 ingenuus:
1378 2353 1720 2438 persuades
1748 2353 1872 2419 hoc
1900 2354 1953 2419 ti
1996 2354 2218 2438 ivere,

544 2440 717 2502 Ante
758 2439 1139 2522 potestatem
1182 2436 1353 2501 Tulli
1397 2440 1586 2521 atque
1629 2437 1915 2522 ignobile
1956 2460 2229 2524 regnum

449 2537 514 2587 ιο
541 2523 781 2588 Multos
825 2542 1011 2606 saepe
1052 2522 1222 2586 viros
1264 2521 1459 2586 nullis
1502 2522 1848 2586 maioribus
1891 2526 2069 2587 ortos

543 2607 633 2673 Et
674 2606 905 2671 vixisse
947 2605 1184 2690 probos
1228 2605 1456 2688 amplis
1501 2608 1567 2670 et
1614 2604 1964 2670 honoribus
2007 2610 2258 2692 auctos;

546 2691 788 2757 Contra
827 2689 1206 2773 Laevinum,
1259 2688 1479 2754 Valeri
1518 2711 1757 2775 genus,
1810 2691 1978 2755 unde
2021 2690 2346 2776 Superbus

544 2774 925 2858 Tarquinius
966 2794 1167 2859 regno
1210 2773 1432 2871 pulsus
1475 2773 1673 2859 fugit,
1715 2774 1903 2840 unius
1947 2774 2108 2840 assis

542 2859 695 2925 Non
736 2878 1039 2941 umquam
1079 2860 1286 2942 pret10
1329 2858 1530 2942 pluris
1574 2859 1858 2944 licuisse3
1908 2863 2175 2924 notante

419 2957 482 3008 ιδ
524 2943 788 3026 judice,
835 2963 958 3025 quo
1003 2942 1205 3026 nosti,
1250 2942 1490 3027 populo
1501 2991 1521 3025 ,
1566 2943 1675 3025 qui
1719 2944 1951 3008 stultus
1993 2943 2275 3009 honores

543 3028 745 3112 Saepe
788 3026 899 3090 dat
938 3026 1222 3125 indignis
1266 3029 1333 3090 et
1371 3027 1580 3091 famae
1624 3027 1818 3091 servit
1859 3027 2113 3125 ineptus
2123 3077 2143 3112 ,

543 3113 666 3189 Qui
695 3113 909 3195 stupet
948 3133 1019 3175 m
1058 3111 1261 3175 titulis
1292 3113 1357 3175 et
1398 3111 1487 3174 im
1579 3111 1593 3125 '
1642 3111 1809 3176 ibus.
1879 3111 2045 3187 de
2088 3116 2344 3196 oportet

541 3197 680 3263 Nos
723 3196 931 3260 facere
974 3217 1014 3259 a
1055 3196 1246 3280 volgo
1290 3195 1403 3259 lon
1451 3132 1846 3280 effigeque
1887 3197 2214 3261 remotos?

539 3281 604 3347 N
607 3301 833 3363 amque
877 3282 1045 3363 esto,
1089 3279 1362 3364 populus
1532 3277 1681 3344 vino
1724 3280 1948 3344 mallet
1987 3279 2300 3346 honorem

414 3381 482 3431 20
547 3366 753 3442 Quam
791 3363 990 3428 Decio
1034 3363 1337 3427 mandare
1378 3384 1578 3447 novo,
1624 3384 1972 3447 censorque
2013 3369 2300 3430 moveret

539 3451 643 3535 Ap
690 3449 789 3513 ius
804 3496 822 3531 ,
867 3448 1147 3533 ingenuo
1193 3448 1249 3511 si
1289 3469 1425 3513 non
1469 3468 1672 3513 essem
1713 3450 1895 3533 patre
1937 3451 2158 3513 natus:

538 3533 635 3598 Ve
680 3531 928 3615 meritc,
959 3532 1259 3615 quoniam
1279 3532 1350 3596 in
1376 3532 1637 3617 propria
1654 3553 1788 3597 non
1811 3532 1978 3617 pelle
2000 3533 2339 3617 quiessem.
