2588 4046
182 245 246 320 L]
985 243 1200 300 Lmen
1243 243 1313 301 11.
1975 235 2096 301 221

185 407 269 473 Vt
293 427 544 493 magus,
574 409 641 471 et
666 404 857 471 modo
887 427 990 470 me
1014 404 1250 471 Thebis
1271 405 1462 470 modo
1479 405 1666 489 ponit
1681 404 1972 469 Athenis.

180 490 417 557 Verum
463 512 580 576 age
624 493 689 555 et
731 489 860 574 his,
907 489 1016 574 qui
1059 511 1126 555 se
1169 490 1395 556 lectori
1437 489 1688 554 credere
1730 489 1977 554 malunt

180 576 383 652 Quam
428 574 804 659 spectatoris
847 571 1104 639 fastidia
1144 574 1311 639 ferre
1356 573 1639 657 superbi,
2001 585 2100 634 215

180 659 412 726 Curam
455 657 646 724 redde
688 658 974 741 brevem,
1019 658 1075 723 si
1103 679 1334 723 munus
1363 659 1424 722 A
1471 658 1665 722 olline
1709 657 1976 741 dignum

183 743 294 808 Vis
339 743 639 840 conplere
683 741 863 807 libris
907 744 974 806 et
1015 742 1265 807 vatibus
1310 741 1391 806 ad
1437 763 1539 806 ere
1585 742 1819 825 calcar,

179 827 267 892 Vt
310 827 523 892 stud10
567 826 807 891 maiore
848 828 1073 923 petant
1112 825 1426 891 Helicona
1466 825 1795 890 virentem.

176 911 383 977 Multa
427 910 681 996 quidem
721 909 909 974 nob1s
952 910 1220 975 facimus
1263 910 1435 974 mala
1478 930 1665 1007 saepe
1707 911 1963 993 poetae,

179 994 269 1060 Vt
309 995 526 1060 vineta
568 996 823 1080 egomet
867 992 1122 1059 caedam
1165 1015 1335 1078 mea,
1381 1014 1526 1059 cum
1566 993 1687 1057 tibi
1729 992 1962 1058 librum
2001 1004 2103 1056 220

180 1078 471 1145 Sollicito
516 1078 736 1143 damus
780 1080 891 1142 aut
930 1077 1130 1163 fess03
1177 1099 1323 1144 cum
1365 1077 1703 1161 laedimur,
1747 1098 1945 1141 unum

179 1162 391 1247 Siquis
437 1162 847 1228 amicorumst
887 1183 1075 1227 ausus
1109 1184 1178 1226 re
1224 1159 1570 1226 rehendere
1611 1181 1894 1246 versum;

179 1247 343 1313 Cum
387 1247 527 1312 loca
568 1246 696 1311 iam
738 1246 1004 1311 recitata
1043 1266 1191 1311 revo
1218 1247 1424 1311 vimus
1468 1244 1848 1330 inrevocati3

179 1331 343 1397 Cum
385 1330 833 1413 lamentamur,
876 1351 1011 1395 non
1052 1330 1358 1414 adparere
1399 1330 1648 1395 labores

177 1414 453 1481 Nostros
498 1417 563 1479 et
602 1414 781 1480 tenui
825 1413 1093 1479 deducta
1134 1416 1432 1498 poemata
1472 1414 1610 1512 ffl⁰5
2003 1425 2102 1476 225

178 1498 344 1565 Cum
387 1519 710 1583 speramus
755 1518 829 1563 eo
872 1520 1009 1563 rem
1035 1501 1397 1582 venturam,
1442 1500 1517 1563 ut
1557 1497 1746 1564 simul
1789 1500 1977 1580 atque

178 1583 480 1651 Carmina
519 1582 807 1648 rescieris
849 1603 969 1648 nos
1010 1583 1283 1667 fingere,
1327 1581 1698 1647 commodus
1739 1582 1910 1648 ultro

177 1669 484 1733 Arcessas
528 1669 594 1732 et
636 1688 822 1752 egere
865 1670 1038 1733 vetes
1083 1670 1149 1732 et
1191 1666 1466 1732 scribere
1510 1686 1721 1750 cogas.

180 1751 306 1818 Sed
349 1754 566 1816 tamen
595 1753 694 1815 est
721 1771 949 1835 operae
991 1750 1268 1835 pretium
1298 1770 1713 1834 cognoscere,
1759 1750 1975 1833 quales

176 1835 492 1901 Aedituos
534 1834 767 1900 habeat
808 1834 960 1900 belli
1004 1837 1289 1919 spectata
1330 1833 1627 1918 domique
2003 1844 2104 1896 230

177 1920 402 1985 Virtus
415 1967 436 2003 ,
479 1919 746 2003 indigno
788 1939 922 1985 non
967 1918 1400 1984 conmittenda
1441 1921 1685 2002 poetae.

178 2004 414 2071 Gratus
456 2003 822 2070 Alexandro
867 2003 1005 2089 regi
1047 2001 1286 2089 Magno
1329 2002 1455 2068 fuit
1494 2002 1606 2068 ille

178 2088 544 2171 Choerilus,
589 2088 845 2153 incultis
890 2089 998 2172 qui
1039 2088 1326 2153 versibus
1370 2090 1437 2152 et
1477 2088 1646 2152 male
1686 2086 1855 2152 natis

176 2173 452 2239 Rettulit
494 2174 818 2256 acceptos,
861 2172 1075 2258 regale
1117 2172 1464 2256 nomisma,
1509 2171 1861 2269 Philippos.

179 2257 306 2324 Sed
350 2256 546 2321 veluti
588 2258 863 2321 tractata
904 2258 1125 2320 notam
1166 2256 1498 2340 labemque
1541 2257 1878 2322 remittunt
2003 2266 2104 2318 285

177 2344 587 2424 Atramenta,
630 2341 764 2405 fere
808 2340 1147 2424 scriptores
1193 2340 1471 2405 carmine
1514 2340 1702 2405 foedo

179 2423 529 2510 Splendida
569 2424 742 2489 facta
783 2424 1012 2489 linunt.
1099 2423 1278 2488 Idem
1320 2445 1433 2489 rex
1475 2424 1612 2507 ille,
1658 2443 1886 2507 poema

179 2509 303 2586 Qui
347 2511 484 2573 tam
526 2509 860 2574 ridiculum
902 2511 1037 2572 tam
1079 2529 1221 2574 care
1264 2508 1571 2593 prodigus
1617 2506 1800 2593 emit,

175 2593 413 2659 Edicto
454 2592 685 2675 vetuit,
730 2593 956 2676 nequis
1000 2613 1068 2658 se
1109 2595 1362 2677 praeter
1404 2592 1698 2676 Apellem

174 2677 301 2743 Pin
350 2679 512 2759 eret,
558 2678 669 2740 aut
708 2677 868 2742 alius
911 2675 1190 2760 Lysippo
1237 2675 1495 2740 duceret
1537 2696 1682 2740 aera
2006 2684 2108 2738 240

175 2762 270 2828 Fo
343 2761 393 2825 's
436 2759 786 2825 Alexandri
829 2759 1072 2825 voltum
1117 2760 1499 2825 simulantia.
1591 2757 1832 2834 Quodsi

175 2844 495 2912 Iudicium
538 2844 769 2909 subtile
811 2842 1099 2908 videndis
1143 2842 1384 2908 artibus
1427 2843 1585 2908 illud

175 2931 283 2996 Ad
328 2928 526 2994 libros
569 2931 636 2993 et
678 2928 760 2993 ad
801 2927 956 2992 haec
998 2928 1327 2993 Musarum
1371 2927 1539 2992 dona
1579 2946 1868 2992 vocares:

174 3015 497 3080 Boeotum
538 3012 608 3077 in
650 3032 861 3078 crasso
905 3013 1143 3077 iurares
1186 3032 1331 3077 aere
1373 3013 1612 3077 natum.

174 3095 269 3164 At
312 3118 521 3181 neque
564 3097 947 3164 dedecorant
985 3098 1097 3161 tua
1141 3096 1218 3161 de
1262 3116 1331 3160 se
1373 3095 1607 3161 iudicia
1649 3097 1837 3179 atque
2006 3105 2107 3157 245

173 3184 480 3264 Munera,
525 3202 684 3264 quae
726 3181 928 3246 multa
969 3179 1178 3245 dantis
1222 3199 1368 3247 cum
1410 3179 1596 3245 laude
1637 3180 1921 3245 tulerunt

174 3265 419 3332 Dilecti
461 3265 580 3329 tibi
622 3263 944 3350 Vergilius
986 3263 1342 3347 Variusque
1433 3266 1611 3329 cetae
1621 3312 1639 3347 ,

175 3351 319 3417 Nec
363 3349 570 3434 magis
615 3349 893 3446 expressi
934 3350 1146 3414 voltus
1189 3369 1305 3432 per
1434 3369 1593 3413 enea
1635 3349 1850 3433 signa,

178 3434 388 3511 Quam
429 3454 545 3517 per
585 3436 747 3498 vaus
792 3454 951 3517 opus
993 3453 1202 3497 mores
1247 3431 1567 3516 animique
1613 3432 1890 3497 virorum

179 3517 518 3584 Clarorum
561 3516 883 3603 adparent.
971 3516 1108 3586 Neo
1151 3537 1474 3582 sermones
1518 3536 1639 3602 ego
1682 3517 1938 3581 mallem
2006 3527 2109 3578 250
