2588 4046
452 240 575 305 164
1207 245 1632 302 SATLRARVM
2264 244 2381 316 [m.

584 410 929 496 Octoginta
971 430 1175 474 annos
1217 411 1439 494 natus,
1484 409 1586 474 cui
1630 408 1918 494 stragula
1959 408 2154 473 vestis
2164 455 2185 491 ‚

580 494 937 559 Blattarum
981 516 1056 560 ac
1096 495 1414 559 tinearum
1444 494 1683 578 epulae,
1734 495 2061 577 putrescat
2103 492 2173 556 in
2204 511 2377 555 arca:

458 592 554 643 120
580 578 902 645 Nimirum
942 579 1205 643 insanus
1246 577 1465 661 paucis
1508 577 1823 661 videatur,
1872 599 1946 642 eo
1992 576 2162 661 quod

577 664 858 728 Maxima
898 685 1045 748 pars
1090 662 1424 727 hominum
1465 662 1689 726 morbo
1733 662 2011 727 iactatur
2053 659 2297 726 eodem.

577 747 778 813 Filius
824 751 934 812 aut
976 748 1171 812 etiam
1213 746 1373 811 haec
1414 746 1679 811 libertus
1722 749 1796 810 ut
1839 746 2057 811 ebibat
2097 743 2315 828 heres,

576 831 695 896 Dis
738 832 994 897 inimice
1038 853 1231 897 senex
1239 880 1260 915 ‚
1308 830 1632 895 custodis?
1707 830 1806 895 Ne
1848 830 1968 895 tibi
2012 828 2221 894 desit?

580 916 969 993 Quantulum
998 916 1170 980 enim
1201 936 1487 979 summae
1517 914 1793 979 curtabit
1823 914 2088 998 quisque
2118 912 2386 995 dierum,

455 1008 552 1063 125
579 999 883 1085 Vnguere
927 1000 982 1065 si
1027 1001 1238 1065 caules
1283 1000 1424 1064 oleo
1468 999 1729 1063 meliore
1773 1019 1849 1063 ca
1892 1000 2088 1159 utgue

581 1084 884 1169 Coeperis
928 1085 1164 1169 inpexa
1205 1083 1465 1148 foedum
1505 1083 1832 1168 porrigine
2010 1103 2189 1166 uare,

577 1169 647 1235 Si
732 1169 937 1234 uidvis
981 1169 1137 1234 satis
1182 1170 1310 1252 est,
1354 1168 1639 1252 periuras
1649 1216 1667 1250 ‚
1715 1167 2008 1251 surripis,
2055 1167 2267 1232 aufers

574 1253 684 1319 Vn
733 1253 915 1350 ‘queP
981 1252 1124 1317 Tun
1168 1251 1406 1317 sanus?
1471 1252 1790 1337 Populum
1834 1253 1889 1317 si
1921 1252 2181 1317 caedere
2214 1252 2388 1317 saxis

576 1337 855 1421 Incipias
900 1358 1193 1403 servosve
1235 1340 1415 1422 tuos,
1459 1358 1619 1421 quos
1664 1358 1807 1401 aere
1849 1337 2126 1421 pararis,

455 1434 553 1484 130
580 1421 887 1486 Insanum
929 1424 995 1486 te
1040 1443 1259 1487 omnes
1301 1421 1484 1507 pueri
1527 1422 1922 1505 clamentque
1964 1422 2246 1506 puellae3

581 1504 743 1571 Cum
786 1505 1011 1589 laqueo
1041 1528 1305 1571 uxorem
1348 1505 1662 1571 interimis
1693 1508 2086 1590 matremque
2114 1526 2387 1589 veneno,

575 1589 893 1655 Incolumi
936 1591 1142 1674 capite
1186 1590 1301 1655 es?
1377 1589 1545 1667 Quid
1586 1591 1800 1655 enim?
1876 1589 2102 1737 {leque
2143 1592 2218 1654 tu
2261 1588 2388 1655 hoc

1668 1675 1829 1739 facis
2026 1675 2075 1738 's

573 1759 640 1826 N
642 1781 713 1825 ec
756 1760 924 1825 ferro
968 1762 1042 1824 ut
1085 1759 1345 1825 demens
1388 1759 1778 1845 genetricem
1823 1759 1959 1823 occi
2008 1759 2021 1772 ⁰
2085 1723 2383 1823 'Orestes

574 1845 684 1908 An
725 1848 797 1908 tu
837 1844 995 1908 reris
1041 1865 1187 1909 eum
1231 1845 1443 1909 occisa
1485 1844 1799 1908 insanisse
1841 1845 2133 1939 parente,

452 1941 548 1990 135
577 1929 676 1993 Ac
704 1948 839 1992 non
881 1930 1031 1992 ante
1062 1929 1250 1992 malis
1296 1928 1654 1993 dementem
1696 1931 1909 1992 actum
1935 1926 2145 1992 Funis
2192 1948 2384 2011 quam
2524 2011 2527 2014 ὴ

573 2012 654 2078 In
695 2012 919 2078 matris
961 2013 1181 2097 iugulo
1227 2013 1465 2078 ferrum
1507 2012 1812 2097 tepefecit
1854 2011 2152 2077 acutum?

574 2097 771 2181 Quin,
818 2119 896 2162 ex
968 2099 1113 2161 uost
1139 2096 1398 2162 habitus
1427 2097 1595 2162 male
1627 2100 1802 2161 tutae
1829 2096 2065 2161 mentis
2097 2095 2379 2180 Orestes,

571 2180 687 2246 Nil
731 2202 881 2245 sane
955 2181 1079 2245 ecit
1121 2182 1292 2265 quod
1334 2186 1406 2246 tu
1449 2181 1908 2266 reprehendere
1949 2180 2189 2265 possis:

572 2264 726 2329 Non
768 2265 1054 2348 Pyladen
1093 2266 1264 2330 ferro
1309 2265 1550 2331 violare
1592 2287 1859 2330 aususve
1904 2286 2190 2329 sororem

451 2362 549 2411 140
576 2348 901 2413 Electram
974 2352 1226 2414 tantum
1269 2349 1594 2415 maledicit
1634 2350 1885 2434 utrique
1928 2348 2217 2414 vocando

571 2433 759 2498 Hanc
769 2399 1044 2517 Furiam,
1063 2432 1235 2499 huno
1251 2434 1444 2518 aliud,
1461 2433 1646 2498 iussit
1666 2433 1838 2517 quod
1856 2432 2190 2517 splendida
2207 2433 2376 2498 bilis.

571 2517 823 2602 Pauper
865 2517 1157 2602 Opimius
1202 2519 1453 2603 argenti
1495 2517 1692 2602 positi
1735 2518 1910 2582 intus
1956 2521 2023 2581 et
2064 2518 2235 2599 auri,

572 2601 695 2678 Qui
738 2600 1161 2668 Veientanum
1204 2603 1386 2667 festis
1429 2604 1648 2686 potare
1692 2601 1914 2666 diebus

572 2684 902 2771 Campana
945 2687 1170 2750 solitus
1212 2686 1408 2750 trulla
1448 2707 1847 2770 vappamque
1889 2685 2219 2770 profestis,

448 2782 543 2833 145
574 2769 909 2846 Quondam
951 2770 1157 2836 lethar
1204 2791 1242 2835 o
1286 2768 1581 2856 grandist
1623 2790 1661 2834 o
1706 2791 1993 2854 pressus,
2036 2772 2110 2834 ut
2151 2768 2332 2834 heres

569 2855 709 2920 Iam
755 2856 992 2920 circum
1034 2856 1138 2920 loc
1209 2876 1279 2919 os
1324 2858 1389 2920 et
1431 2855 1639 2920 claves
1709 2857 1887 2919 aetus
1933 2875 2254 2937 ovansque

571 2939 886 3005 Ourreret.
938 2939 1130 3004 Hunc
1154 2939 1436 3004 medicus
1464 2939 1738 3004 multum
1767 2939 1933 3004 celer
1953 2941 2140 3022 atque
2169 2937 2370 3002 fidelis

566 3023 826 3088 Excitat
867 3022 991 3088 hoc
1033 3026 1253 3108 pacto:
1298 3044 1587 3088 mensam
1628 3023 1787 3107 poni
1829 3023 2005 3088 iubet
2046 3024 2234 3106 atque

568 3107 831 3173 Effundi
875 3128 1092 3172 saccos
1135 3129 1573 3193 nummorum,
1619 3107 1916 3172 accedere
2004 3107 2172 3171 lures

446 3205 546 3255 150
571 3193 678 3257 Ad
695 3191 1184 3257 numerandum:
1206 3191 1534 3258 hominem
1552 3192 1644 3257 sic
1662 3192 1881 3278 erigit3
1904 3213 1942 3256 a
1985 3190 2079 3255 dit
2098 3193 2163 3255 et
2180 3188 2365 3254 illud:

571 3276 658 3342 ‘N
659 3277 683 3341 i
723 3278 837 3340 tua
866 3276 1142 3341 custodis
1221 3276 1443 3342 avidus
1481 3278 1612 3342 iam
1654 3275 1812 3341 haec
1854 3275 2098 3341 auferet
2137 3274 2363 3339 heres.’

571 3361 747 3425 ‘Men
789 3360 1005 3449 vivo?
1081 3325 1195 3427 ‘V7t
1226 3362 1401 3427 vivas
1444 3362 1642 3448 igitur
1651 3411 1680 3480 '‹
1686 3361 1957 3520 §ige-iila..
2004 3359 2158 3508 ⁶?Hoc
2202 3363 2359 3443 age.'

1745 3467 1811 3509 u1
1896 3465 1992 3510 vls
2041 3451 2063 3481 ’

570 3528 908 3593 ‘Deficient
950 3530 1207 3608 inopem
1249 3553 1447 3596 venae
1488 3534 1584 3614 te,
1626 3530 1697 3595 m'
1741 3530 1917 3595 cibus
1962 3531 2149 3612 atque
