2588 4046
180 239 303 312 HL]
990 240 1207 296 mmm
1247 241 1320 298 11.
1996 237 2113 303 163

176 400 355 465 Dum
402 400 597 465 doceo
638 401 922 466 insanire
966 422 1187 467 omnes
1195 452 1218 486 ,
1260 425 1377 468 vos
1421 403 1642 469 ordine
1686 404 1857 471 adite

177 484 478 549 Dandast
520 483 785 550 ellebori
825 486 1030 550 multo
1073 509 1224 571 pars
1265 488 1543 553 maxima
1583 490 1817 575 avaris3

175 567 420 634 Nescio
455 590 541 633 an
559 569 940 653 Anticyram
959 571 1123 634 ratio
1158 572 1287 635 illis
1328 572 1606 637 destinet
1626 594 1899 639 omnem.

174 651 466 717 Heredes
507 650 760 717 Staberi
802 676 1117 719 summam
1159 655 1445 721 incidere
1483 657 1772 741 sepulcro
1787 705 1806 740 ,

172 736 265 802 Ni
311 736 407 801 sic
450 735 784 821 fecissent,
827 738 1253 823 gladiatorum
1296 739 1445 804 dare
1489 743 1744 806 centum
2044 754 2111 803 85

170 820 486 885 Damnati
512 821 752 905 populo
795 822 975 905 paria
1004 825 1192 906 atque
1226 825 1486 907 epulum
1514 823 1774 889 arbitrio
1805 824 1984 910 Arri,

170 904 514 969 Frumenti
556 908 863 988 quantum
905 907 1092 970 metit
1118 908 1356 972 Africa.
1417 907 1588 972 ‘Sive
1632 929 1751 993 ego
1795 930 1987 992 prave

172 988 305 1054 Seu
334 990 509 1052 recte
536 987 662 1053 hoc
688 990 896 1072 volui,
939 1011 1022 1054 ne
1053 991 1139 1055 sis
1181 994 1446 1074 patruus
1474 990 1678 1056 mihi?
1746 989 1983 1075 Credo,

170 1072 321 1137 Hoc
341 1071 596 1137 Staberi
613 1073 993 1156 prudentem
1016 1075 1303 1139 animum
1324 1074 1576 1140 vidisse.
1621 1074 1811 1151 ‘Quid
1833 1097 1985 1161 ergo

169 1156 427 1239 Sensit,
475 1178 619 1221 cum
662 1177 976 1222 summam
1016 1159 1366 1242 patrimoni
1406 1159 1766 1240 insculpere
1809 1181 1960 1224 saxo
2044 1173 2112 1223 90

169 1240 464 1305 Heredes
508 1240 780 1305 voluit‘P’
852 1239 1074 1315 Quoad
1117 1242 1307 1325 vixit,
1355 1241 1628 1307 credidit
1670 1242 1906 1327 ingens

168 1323 558 1408 Pauperiem
602 1324 827 1388 vitium
873 1327 938 1389 et
979 1324 1148 1389 cavit
1188 1324 1354 1389 nihil
1397 1326 1632 1408 acrius,
1676 1327 1781 1408 ut,
1827 1326 1883 1388 si

164 1409 373 1474 Forte
416 1407 627 1472 minus
671 1408 955 1504 locuples
998 1427 1127 1472 uno
1172 1408 1524 1492 quadrante
1567 1408 1869 1506 perisset,

164 1493 198 1558 I
250 1514 326 1556 se
369 1491 689 1555 videretur
731 1492 854 1556 sib1
895 1514 976 1556 ne
1021 1493 1187 1557 uior:
1234 1493 1443 1557 omnis
1484 1514 1656 1557 emm
1697 1513 1799 1557 res
1811 1540 1831 1574 ,

230 1577 403 1640 irtus
415 1624 435 1658 ,
478 1575 677 1658 fama,
725 1575 946 1659 decue,
1040 1576 1208 1640 ’vina
1247 1575 1650 1661 humanaque
1690 1575 1974 1660 pulchris
2044 1586 2112 1637 95

165 1659 441 1726 Divitiis
484 1662 741 1745 parent3
786 1681 942 1743 quas
988 1660 1096 1744 qui
1139 1661 1566 1725 construxerit
1638 1661 1747 1724 ille

167 1744 408 1810 Clarus
438 1743 586 1826 erit,
632 1743 846 1830 fortiS,
887 1743 1112 1809 iustus.
1178 1709 1625 1892 ‘Sapienfineffi'
1693 1742 1941 1827 Etiam,

1400 1850 1434 1892 e
1505 1849 1618 1892 rex

167 1913 264 1979 Et
306 1911 616 1995 quidquid
657 1911 848 1975 volet.
926 1909 1100 1994 Hoc,
1145 1911 1343 1977 veluti
1387 1913 1620 1976 virtute
1661 1914 1984 1995 paratum,

170 1995 477 2082 Speravit
517 2016 789 2081 magnae
832 1994 1004 2071 laudi
1047 1995 1199 2061 fore.
1289 1994 1459 2072 Quid
1501 1996 1708 2062 simile
1749 1996 1859 2061 isti

171 2082 461 2147 Graecus
503 2079 919 2163 Aristippus?
967 2080 1076 2164 qui
1118 2101 1335 2145 servos
1422 2081 1661 2146 roicere
1705 2102 1930 2145 aurum
2015 2092 2113 2142 100

169 2166 255 2231 In
301 2163 514 2229 media
555 2164 743 2228 iussit
782 2162 1016 2247 Libya,
1069 2163 1218 2247 quia
1259 2167 1359 2229 tar
1409 2166 1500 2229 ‘us
1543 2166 1710 2230 irent

169 2250 452 2333 Propter
494 2269 656 2313 onus
701 2268 948 2332 segnes,
1024 2246 1184 2314 Vter
1226 2251 1326 2313 est
1366 2250 1655 2315 insanior
1694 2248 1969 2313 horum?

169 2334 294 2400 Nil
339 2333 478 2417 agit
521 2353 700 2396 exem
746 2332 909 2416 lum,
952 2332 1132 2397 litem
1177 2332 1348 2416 quod
1390 2334 1503 2399 lite
1545 2333 1828 2399 resolvit.

173 2418 398 2501 Siquis
429 2419 599 2480 emat
628 2417 685 2480 ci
761 2438 932 2501 aras,
977 2438 1080 2481 em
1126 2419 1227 2482 tas
1267 2420 1605 2502 conportet
1644 2418 1715 2481 in
1756 2438 1986 2500 unum,

169 2502 238 2568 N
241 2523 318 2566 ec
362 2500 573 2565 studio
620 2499 897 2566 citharae
939 2522 1058 2566 nec
1174 2523 1324 2566 usae
1366 2501 1616 2566 deditus
1658 2501 1803 2583 uili,
2015 2510 2113 2561 105

172 2585 246 2652 Si
295 2585 548 2669 scalpra
591 2587 658 2648 et
698 2584 936 2649 formas
978 2606 1111 2649 non
1152 2588 1361 2669 sutor,
1405 2586 1664 2650 nautica
1703 2586 1845 2650 vela

170 2673 464 2735 Aversus
506 2669 908 2734 mercaturis:
955 2669 1188 2734 delirus
1232 2673 1301 2734 et
1341 2691 1560 2734 amens

175 2753 480 2837 Vndique
524 2751 772 2817 dicatur
811 2754 1060 2819 merito.
1148 2753 1272 2830 Qui
1317 2752 1634 2838 discrepat
1674 2753 1815 2817 istis
1827 2801 1846 2836 ,

172 2837 306 2915 Qui
347 2858 645 2901 nummos
689 2858 1034 2921 aurumque
1076 2837 1398 2921 recondit,
1440 2837 1694 2903 nescius
1735 2837 1833 2900 uti

172 2921 554 3018 Conpositis
597 2924 1009 3006 metuensque
1051 2922 1226 2986 velut
1268 2922 1639 3007 contingere
1683 2921 1973 2987 sacrum?
2015 2932 2114 2982 110

173 3006 395 3090 Siquis
438 3005 518 3070 ad
561 3006 891 3091 ingentem
933 3005 1237 3071 frumenti
1281 3028 1533 3091 semper
1574 3028 1870 3072 acervum

171 3090 521 3155 Porrectus
565 3089 793 3174 vigilet
835 3112 980 3155 cum
1022 3091 1219 3176 longo
1263 3091 1433 3155 fuste
1518 3112 1725 3175 neque
1766 3090 1945 3154 illinc

171 3173 435 3239 Audeat
478 3173 761 3239 esuriens
806 3175 1099 3240 dominus
1144 3176 1517 3261 contingere
1557 3196 1857 3261 granum3

171 3260 279 3323 Ac
321 3258 536 3342 potius
578 3258 754 3322 foliis
844 3281 1025 3324 arcus
1069 3262 1363 3324 vescatur
1406 3260 1670 3344 amaris3

172 3342 248 3407 Si
341 3343 521 3407 ositis
565 3342 743 3406 intus
841 3343 935 3408 hii
976 3344 1334 3428 veterisque
1377 3342 1636 3408 Falerni
2013 3351 2110 3402 115

255 3426 270 3439 '
328 3447 362 3490 e
406 3426 606 3510 cadiS,
658 3426 823 3491 nihil
867 3430 989 3526 est,
1034 3431 1391 3493 tercentum
1433 3428 1720 3511 milibus,
1765 3446 1909 3491 acre

174 3509 373 3575 Potet
400 3514 681 3598 acetum3
728 3532 881 3598 age,
927 3534 984 3579 si
1025 3515 1090 3578 et
1118 3512 1483 3580 stramentis
1518 3511 1778 3577 incubet
1804 3511 1987 3574 ulvae

1708 3611 1810 3666 n·
