<?xml version="1.0" encoding="UTF-8"?>
<!DOCTYPE html PUBLIC "-//W3C//DTD XHTML 1.0 Transitional//EN"
    "http://www.w3.org/TR/xhtml1/DTD/xhtml1-transitional.dtd">
<html xmlns="http://www.w3.org/1999/xhtml" xml:lang="en" lang="en">
 <head>
  <title>
</title>
<meta http-equiv="Content-Type" content="text/html;charset=utf-8" />
  <meta name='ocr-system' content='tesseract 3.04.00' />
  <meta name='ocr-capabilities' content='ocr_page ocr_carea ocr_par ocr_line ocrx_word'/>
</head>
<body>
  <div class='ocr_page' id='page_1' title='image "./qvaleriicatulli03catugoog_0421.png"; bbox 0 0 2588 4046; ppageno 0'>
   <div class='ocr_carea' id='block_1_1' title="bbox 183 231 2105 313">
    <p class='ocr_par' dir='ltr' id='par_1_1' title="bbox 183 231 2105 313">
     <span class='ocr_line' id='line_1_1' title="bbox 183 231 2105 313; baseline 0.004 -21"><span class='ocrx_word' id='word_1_1' title='bbox 183 235 327 313; x_wconf 68' lang='lat' dir='ltr'><strong>vn]</strong></span> <span class='ocrx_word' id='word_1_2' title='bbox 988 237 1204 294; x_wconf 72' lang='lat' dir='ltr'><strong>usna</strong></span> <span class='ocrx_word' id='word_1_3' title='bbox 1243 239 1288 297; x_wconf 89' lang='lat'><strong>1.</strong></span> <span class='ocrx_word' id='word_1_4' title='bbox 1982 231 2105 300; x_wconf 81' lang='lat'><strong>195</strong></span> 
     </span>
    </p>
   </div>
   <div class='ocr_carea' id='block_1_2' title="bbox 1059 434 1216 510">
    <p class='ocr_par' dir='ltr' id='par_1_2' title="bbox 1059 434 1216 510">
     <span class='ocr_line' id='line_1_2' title="bbox 1059 434 1216 510; baseline 0.013 -2"><span class='ocrx_word' id='word_1_5' title='bbox 1059 434 1216 510; x_wconf 87' lang='lat' dir='ltr'><strong>VII.</strong></span> 
     </span>
    </p>
   </div>
   <div class='ocr_carea' id='block_1_3' title="bbox 172 564 2099 3656">
    <p class='ocr_par' dir='ltr' id='par_1_3' title="bbox 172 564 2099 3569">
     <span class='ocr_line' id='line_1_3' title="bbox 183 564 1857 652; baseline 0.004 -24"><span class='ocrx_word' id='word_1_6' title='bbox 183 564 349 641; x_wconf 85' lang='lat' dir='ltr'><strong>Quin</strong></span> <span class='ocrx_word' id='word_1_7' title='bbox 438 585 475 630; x_wconf 88' lang='lat' dir='ltr'><strong>e</strong></span> <span class='ocrx_word' id='word_1_8' title='bbox 518 564 653 629; x_wconf 89' lang='lat' dir='ltr'><strong>dies</strong></span> <span class='ocrx_word' id='word_1_9' title='bbox 694 564 816 629; x_wconf 86' lang='lat' dir='ltr'><strong>tibi</strong></span> <span class='ocrx_word' id='word_1_10' title='bbox 857 566 1179 650; x_wconf 86' lang='lat' dir='ltr'><strong>pollicitus</strong></span> <span class='ocrx_word' id='word_1_11' title='bbox 1221 588 1326 632; x_wconf 89' lang='lat' dir='ltr'><strong>me</strong></span> <span class='ocrx_word' id='word_1_12' title='bbox 1358 589 1503 633; x_wconf 88' lang='lat' dir='ltr'><strong>rure</strong></span> <span class='ocrx_word' id='word_1_13' title='bbox 1544 568 1857 652; x_wconf 82' lang='lat' dir='ltr'><strong>futurum,</strong></span> 
     </span>
     <span class='ocr_line' id='line_1_4' title="bbox 183 647 1700 736; baseline 0.002 -22"><span class='ocrx_word' id='word_1_14' title='bbox 183 647 260 714; x_wconf 84' lang='lat' dir='ltr'><strong>Se</strong></span> <span class='ocrx_word' id='word_1_15' title='bbox 336 649 350 661; x_wconf 85' lang='lat'><strong>&#39;</strong></span> <span class='ocrx_word' id='word_1_16' title='bbox 382 670 485 713; x_wconf 92' lang='lat' dir='ltr'><strong>em</strong></span> <span class='ocrx_word' id='word_1_17' title='bbox 527 651 735 713; x_wconf 86' lang='lat' dir='ltr'><strong>totum</strong></span> <span class='ocrx_word' id='word_1_18' title='bbox 776 650 1051 714; x_wconf 86' lang='lat' dir='ltr'><strong>mendax</strong></span> <span class='ocrx_word' id='word_1_19' title='bbox 1093 650 1433 717; x_wconf 89' lang='lat' dir='ltr'><strong>desideror.</strong></span> <span class='ocrx_word' id='word_1_20' title='bbox 1498 653 1700 736; x_wconf 74' lang='lat' dir='ltr'><strong>Atqui</strong></span> 
     </span>
     <span class='ocr_line' id='line_1_5' title="bbox 182 731 1783 819; baseline 0.001 -21"><span class='ocrx_word' id='word_1_21' title='bbox 182 731 249 798; x_wconf 88' lang='lat' dir='ltr'><strong>Si</strong></span> <span class='ocrx_word' id='word_1_22' title='bbox 289 754 396 797; x_wconf 91' lang='lat' dir='ltr'><strong>me</strong></span> <span class='ocrx_word' id='word_1_23' title='bbox 439 732 650 797; x_wconf 82' lang='lat' dir='ltr'><strong>vivere</strong></span> <span class='ocrx_word' id='word_1_24' title='bbox 692 732 787 797; x_wconf 85' lang='lat' dir='ltr'><strong>vis</strong></span> <span class='ocrx_word' id='word_1_25' title='bbox 831 756 1056 798; x_wconf 88' lang='lat' dir='ltr'><strong>sanum</strong></span> <span class='ocrx_word' id='word_1_26' title='bbox 1098 737 1394 818; x_wconf 89' lang='lat' dir='ltr'><strong>recteque</strong></span> <span class='ocrx_word' id='word_1_27' title='bbox 1437 737 1783 819; x_wconf 85' lang='lat' dir='ltr'><strong>valentem,</strong></span> 
     </span>
     <span class='ocr_line' id='line_1_6' title="bbox 182 814 1929 904; baseline 0.003 -25"><span class='ocrx_word' id='word_1_28' title='bbox 182 815 388 892; x_wconf 86' lang='lat' dir='ltr'><strong>Quam</strong></span> <span class='ocrx_word' id='word_1_29' title='bbox 427 814 587 880; x_wconf 87' lang='lat' dir='ltr'><strong>mihi</strong></span> <span class='ocrx_word' id='word_1_30' title='bbox 630 816 742 880; x_wconf 84' lang='lat' dir='ltr'><strong>das</strong></span> <span class='ocrx_word' id='word_1_31' title='bbox 784 837 1008 903; x_wconf 88' lang='lat' dir='ltr'><strong>aegro,</strong></span> <span class='ocrx_word' id='word_1_32' title='bbox 1052 817 1232 882; x_wconf 87' lang='lat' dir='ltr'><strong>dabis</strong></span> <span class='ocrx_word' id='word_1_33' title='bbox 1276 822 1607 904; x_wconf 76' lang='lat' dir='ltr'><strong>aegrotare</strong></span> <span class='ocrx_word' id='word_1_34' title='bbox 1648 821 1929 904; x_wconf 82' lang='lat' dir='ltr'><strong>timenti,</strong></span> 
     </span>
     <span class='ocr_line' id='line_1_7' title="bbox 179 899 2099 987; baseline 0.002 -23"><span class='ocrx_word' id='word_1_35' title='bbox 179 899 544 983; x_wconf 84' lang='lat' dir='ltr'><strong>Maecenas,</strong></span> <span class='ocrx_word' id='word_1_36' title='bbox 587 901 869 984; x_wconf 82' lang='lat' dir='ltr'><strong>veniam,</strong></span> <span class='ocrx_word' id='word_1_37' title='bbox 913 901 1065 965; x_wconf 89' lang='lat' dir='ltr'><strong>dum</strong></span> <span class='ocrx_word' id='word_1_38' title='bbox 1107 901 1263 966; x_wconf 88' lang='lat' dir='ltr'><strong>ficus</strong></span> <span class='ocrx_word' id='word_1_39' title='bbox 1305 903 1513 986; x_wconf 87' lang='lat' dir='ltr'><strong>prima</strong></span> <span class='ocrx_word' id='word_1_40' title='bbox 1556 905 1849 987; x_wconf 84' lang='lat' dir='ltr'><strong>calorque</strong></span> <span class='ocrx_word' id='word_1_41' title='bbox 2067 917 2099 967; x_wconf 79' lang='lat'><strong>5</strong></span> 
     </span>
     <span class='ocr_line' id='line_1_8' title="bbox 178 982 1905 1070; baseline 0.003 -23"><span class='ocrx_word' id='word_1_42' title='bbox 178 982 690 1068; x_wconf 86' lang='lat' dir='ltr'><strong>Dissignatorem</strong></span> <span class='ocrx_word' id='word_1_43' title='bbox 732 984 992 1049; x_wconf 76' lang='lat' dir='ltr'><strong>decorat</strong></span> <span class='ocrx_word' id='word_1_44' title='bbox 1032 985 1365 1052; x_wconf 79' lang='lat' dir='ltr'><strong>lictoribus</strong></span> <span class='ocrx_word' id='word_1_45' title='bbox 1408 987 1593 1070; x_wconf 86' lang='lat' dir='ltr'><strong>atris,</strong></span> <span class='ocrx_word' id='word_1_46' title='bbox 1888 1047 1905 1066; x_wconf 78' lang='grc'>,</span> 
     </span>
     <span class='ocr_line' id='line_1_9' title="bbox 178 1065 1843 1154; baseline 0.001 -23"><span class='ocrx_word' id='word_1_47' title='bbox 178 1065 351 1131; x_wconf 91' lang='lat' dir='ltr'><strong>Dum</strong></span> <span class='ocrx_word' id='word_1_48' title='bbox 393 1068 606 1151; x_wconf 89' lang='lat' dir='ltr'><strong>pueris</strong></span> <span class='ocrx_word' id='word_1_49' title='bbox 650 1069 857 1132; x_wconf 91' lang='lat' dir='ltr'><strong>omnis</strong></span> <span class='ocrx_word' id='word_1_50' title='bbox 899 1071 1081 1152; x_wconf 87' lang='lat' dir='ltr'><strong>pater</strong></span> <span class='ocrx_word' id='word_1_51' title='bbox 1121 1072 1187 1134; x_wconf 90' lang='lat' dir='ltr'><strong>et</strong></span> <span class='ocrx_word' id='word_1_52' title='bbox 1226 1071 1576 1135; x_wconf 80' lang='lat' dir='ltr'><strong>matercula</strong></span> <span class='ocrx_word' id='word_1_53' title='bbox 1614 1071 1843 1154; x_wconf 85' lang='lat' dir='ltr'><strong>pallet,</strong></span> 
     </span>
     <span class='ocr_line' id='line_1_10' title="bbox 181 1150 1632 1237; baseline 0.003 -22"><span class='ocrx_word' id='word_1_54' title='bbox 181 1150 410 1216; x_wconf 86' lang='lat' dir='ltr'><strong>Officio</strong></span> <span class='ocrx_word' id='word_1_55' title='bbox 528 1173 608 1216; x_wconf 89' lang='lat' dir='ltr'><strong>ue</strong></span> <span class='ocrx_word' id='word_1_56' title='bbox 651 1152 953 1217; x_wconf 79' lang='lat' dir='ltr'><strong>sedulitas</strong></span> <span class='ocrx_word' id='word_1_57' title='bbox 997 1155 1063 1216; x_wconf 92' lang='lat' dir='ltr'><strong>et</strong></span> <span class='ocrx_word' id='word_1_58' title='bbox 1103 1154 1319 1237; x_wconf 87' lang='lat' dir='ltr'><strong>opella</strong></span> <span class='ocrx_word' id='word_1_59' title='bbox 1360 1154 1632 1227; x_wconf 88' lang='lat' dir='ltr'><strong>forensis</strong></span> 
     </span>
     <span class='ocr_line' id='line_1_11' title="bbox 176 1172 1586 1322; baseline 0.003 -24"><span class='ocrx_word' id='word_1_60' title='bbox 176 1172 709 1300; x_wconf 53' lang='lat' dir='ltr'><strong>Adducistuiebres</strong></span> <span class='ocrx_word' id='word_1_61' title='bbox 753 1239 819 1301; x_wconf 82' lang='lat' dir='ltr'><strong>et</strong></span> <span class='ocrx_word' id='word_1_62' title='bbox 859 1239 1243 1302; x_wconf 86' lang='lat' dir='ltr'><strong>testamenta</strong></span> <span class='ocrx_word' id='word_1_63' title='bbox 1282 1238 1586 1322; x_wconf 80' lang='lat' dir='ltr'><strong>resignat.</strong></span> 
     </span>
     <span class='ocr_line' id='line_1_12' title="bbox 180 1318 2097 1408; baseline 0.002 -26"><span class='ocrx_word' id='word_1_64' title='bbox 180 1318 423 1394; x_wconf 86' lang='lat' dir='ltr'><strong>Quodsi</strong></span> <span class='ocrx_word' id='word_1_65' title='bbox 465 1319 689 1384; x_wconf 89' lang='lat' dir='ltr'><strong>bruma</strong></span> <span class='ocrx_word' id='word_1_66' title='bbox 729 1321 908 1385; x_wconf 84' lang='lat' dir='ltr'><strong>nives</strong></span> <span class='ocrx_word' id='word_1_67' title='bbox 936 1321 1208 1385; x_wconf 88' lang='lat' dir='ltr'><strong>Albanis</strong></span> <span class='ocrx_word' id='word_1_68' title='bbox 1250 1321 1483 1386; x_wconf 90' lang='lat' dir='ltr'><strong>inlinet</strong></span> <span class='ocrx_word' id='word_1_69' title='bbox 1523 1321 1725 1408; x_wconf 87' lang='lat' dir='ltr'><strong>agris,</strong></span> <span class='ocrx_word' id='word_1_70' title='bbox 2034 1334 2097 1386; x_wconf 86' lang='lat'><strong>10</strong></span> 
     </span>
     <span class='ocr_line' id='line_1_13' title="bbox 176 1402 1826 1491; baseline 0.003 -25"><span class='ocrx_word' id='word_1_71' title='bbox 176 1402 283 1466; x_wconf 91' lang='lat' dir='ltr'><strong>Ad</strong></span> <span class='ocrx_word' id='word_1_72' title='bbox 323 1423 501 1467; x_wconf 87' lang='lat' dir='ltr'><strong>mare</strong></span> <span class='ocrx_word' id='word_1_73' title='bbox 543 1403 883 1468; x_wconf 88' lang='lat' dir='ltr'><strong>descendet</strong></span> <span class='ocrx_word' id='word_1_74' title='bbox 923 1407 1098 1470; x_wconf 84' lang='lat' dir='ltr'><strong>vates</strong></span> <span class='ocrx_word' id='word_1_75' title='bbox 1140 1407 1286 1469; x_wconf 82' lang='lat' dir='ltr'><strong>tuus</strong></span> <span class='ocrx_word' id='word_1_76' title='bbox 1332 1409 1397 1469; x_wconf 87' lang='lat' dir='ltr'><strong>et</strong></span> <span class='ocrx_word' id='word_1_77' title='bbox 1438 1406 1563 1471; x_wconf 92' lang='lat' dir='ltr'><strong>sibi</strong></span> <span class='ocrx_word' id='word_1_78' title='bbox 1603 1410 1826 1491; x_wconf 87' lang='lat' dir='ltr'><strong>parcet</strong></span> 
     </span>
     <span class='ocr_line' id='line_1_14' title="bbox 178 1485 1862 1585; baseline 0.002 -33"><span class='ocrx_word' id='word_1_79' title='bbox 178 1485 687 1570; x_wconf 83' lang='lat' dir='ltr'><strong>Contractusque</strong></span> <span class='ocrx_word' id='word_1_80' title='bbox 729 1488 928 1585; x_wconf 83' lang='lat' dir='ltr'><strong>leget3</strong></span> <span class='ocrx_word' id='word_1_81' title='bbox 973 1491 1067 1571; x_wconf 87' lang='lat' dir='ltr'><strong>te,</strong></span> <span class='ocrx_word' id='word_1_82' title='bbox 1111 1488 1314 1553; x_wconf 89' lang='lat' dir='ltr'><strong>dulcis</strong></span> <span class='ocrx_word' id='word_1_83' title='bbox 1357 1490 1586 1571; x_wconf 86' lang='lat' dir='ltr'><strong>amice,</strong></span> <span class='ocrx_word' id='word_1_84' title='bbox 1628 1491 1862 1555; x_wconf 82' lang='lat' dir='ltr'><strong>reviset</strong></span> 
     </span>
     <span class='ocr_line' id='line_1_15' title="bbox 178 1568 1962 1657; baseline 0.002 -22"><span class='ocrx_word' id='word_1_85' title='bbox 178 1568 344 1635; x_wconf 87' lang='lat' dir='ltr'><strong>Cum</strong></span> <span class='ocrx_word' id='word_1_86' title='bbox 388 1569 727 1654; x_wconf 86' lang='lat' dir='ltr'><strong>Zephyris,</strong></span> <span class='ocrx_word' id='word_1_87' title='bbox 771 1593 828 1635; x_wconf 94' lang='lat' dir='ltr'><strong>s1</strong></span> <span class='ocrx_word' id='word_1_88' title='bbox 871 1571 1177 1637; x_wconf 88' lang='lat' dir='ltr'><strong>concedes</strong></span> <span class='ocrx_word' id='word_1_89' title='bbox 1250 1575 1317 1637; x_wconf 85' lang='lat' dir='ltr'><strong>et</strong></span> <span class='ocrx_word' id='word_1_90' title='bbox 1357 1572 1695 1637; x_wconf 87' lang='lat' dir='ltr'><strong>hirundine</strong></span> <span class='ocrx_word' id='word_1_91' title='bbox 1736 1574 1962 1657; x_wconf 88' lang='lat' dir='ltr'><strong>prima.</strong></span> 
     </span>
     <span class='ocr_line' id='line_1_16' title="bbox 175 1621 1932 1741; baseline 0.002 -23"><span class='ocrx_word' id='word_1_92' title='bbox 175 1659 326 1718; x_wconf 81' lang='lat' dir='ltr'><strong>Non</strong></span> <span class='ocrx_word' id='word_1_93' title='bbox 369 1675 494 1738; x_wconf 89' lang='lat' dir='ltr'><strong>quo</strong></span> <span class='ocrx_word' id='word_1_94' title='bbox 535 1676 712 1719; x_wconf 88' lang='lat' dir='ltr'><strong>more</strong></span> <span class='ocrx_word' id='word_1_95' title='bbox 754 1656 911 1739; x_wconf 89' lang='lat' dir='ltr'><strong>piris</strong></span> <span class='ocrx_word' id='word_1_96' title='bbox 953 1657 1126 1720; x_wconf 87' lang='lat' dir='ltr'><strong>vesci</strong></span> <span class='ocrx_word' id='word_1_97' title='bbox 1169 1621 1440 1721; x_wconf 54' lang='lat' dir='ltr'><strong>&amp;alaber</strong></span> <span class='ocrx_word' id='word_1_98' title='bbox 1483 1657 1660 1722; x_wconf 88' lang='lat' dir='ltr'><strong>iubet</strong></span> <span class='ocrx_word' id='word_1_99' title='bbox 1699 1657 1932 1741; x_wconf 86' lang='lat' dir='ltr'><strong>hospes</strong></span> 
     </span>
     <span class='ocr_line' id='line_1_17' title="bbox 176 1737 2097 1824; baseline 0.001 -21"><span class='ocrx_word' id='word_1_100' title='bbox 176 1737 279 1803; x_wconf 88' lang='lat' dir='ltr'><strong>Tu</strong></span> <span class='ocrx_word' id='word_1_101' title='bbox 319 1759 423 1803; x_wconf 90' lang='lat' dir='ltr'><strong>me</strong></span> <span class='ocrx_word' id='word_1_102' title='bbox 465 1739 673 1803; x_wconf 89' lang='lat' dir='ltr'><strong>fecisti</strong></span> <span class='ocrx_word' id='word_1_103' title='bbox 715 1740 1116 1823; x_wconf 76' lang='lat' dir='ltr'><strong>locupletem.</strong></span> <span class='ocrx_word' id='word_1_104' title='bbox 1192 1739 1519 1824; x_wconf 79' lang='lat' dir='ltr'><strong>‘Vescere‚</strong></span> <span class='ocrx_word' id='word_1_105' title='bbox 1564 1740 1792 1805; x_wconf 88' lang='lat' dir='ltr'><strong>sodes.&#39;</strong></span> <span class='ocrx_word' id='word_1_106' title='bbox 2035 1753 2097 1804; x_wconf 74' lang='lat'><strong>15</strong></span> 
     </span>
     <span class='ocr_line' id='line_1_18' title="bbox 176 1822 2013 1910; baseline 0.002 -24"><span class='ocrx_word' id='word_1_107' title='bbox 176 1822 342 1886; x_wconf 82' lang='lat' dir='ltr'><strong>‘Iam</strong></span> <span class='ocrx_word' id='word_1_108' title='bbox 363 1823 516 1887; x_wconf 90' lang='lat' dir='ltr'><strong>satis</strong></span> <span class='ocrx_word' id='word_1_109' title='bbox 536 1827 680 1887; x_wconf 88' lang='lat' dir='ltr'><strong>est.&#39;</strong></span> <span class='ocrx_word' id='word_1_110' title='bbox 728 1824 843 1887; x_wconf 80' lang='lat' dir='ltr'><strong>‘At</strong></span> <span class='ocrx_word' id='word_1_111' title='bbox 859 1827 952 1906; x_wconf 87' lang='lat' dir='ltr'><strong>tu,</strong></span> <span class='ocrx_word' id='word_1_112' title='bbox 976 1827 1283 1907; x_wconf 87' lang='lat' dir='ltr'><strong>quantum</strong></span> <span class='ocrx_word' id='word_1_113' title='bbox 1306 1825 1422 1907; x_wconf 85' lang='lat' dir='ltr'><strong>vis,</strong></span> <span class='ocrx_word' id='word_1_114' title='bbox 1440 1825 1640 1889; x_wconf 88' lang='lat' dir='ltr'><strong>tolle.&#39;</strong></span> <span class='ocrx_word' id='word_1_115' title='bbox 1674 1823 2013 1910; x_wconf 80' lang='lat' dir='ltr'><strong>‘Benigne’</strong></span> 
     </span>
     <span class='ocr_line' id='line_1_19' title="bbox 179 1906 1781 1992; baseline 0.001 -22"><span class='ocrx_word' id='word_1_116' title='bbox 179 1906 359 1971; x_wconf 80' lang='lat' dir='ltr'><strong>‘Non</strong></span> <span class='ocrx_word' id='word_1_117' title='bbox 398 1907 605 1971; x_wconf 86' lang='lat' dir='ltr'><strong>invisa</strong></span> <span class='ocrx_word' id='word_1_118' title='bbox 646 1906 810 1971; x_wconf 87' lang='lat' dir='ltr'><strong>feres</strong></span> <span class='ocrx_word' id='word_1_119' title='bbox 852 1909 1065 1991; x_wconf 89' lang='lat' dir='ltr'><strong>pueris</strong></span> <span class='ocrx_word' id='word_1_120' title='bbox 1107 1908 1483 1973; x_wconf 88' lang='lat' dir='ltr'><strong>munuscula</strong></span> <span class='ocrx_word' id='word_1_121' title='bbox 1520 1908 1781 1992; x_wconf 66' lang='lat' dir='ltr'><strong>parvis?</strong></span> 
     </span>
     <span class='ocr_line' id='line_1_20' title="bbox 176 1990 1886 2077; baseline 0.002 -23"><span class='ocrx_word' id='word_1_122' title='bbox 176 1990 365 2055; x_wconf 73' lang='lat' dir='ltr'><strong>*Tam</strong></span> <span class='ocrx_word' id='word_1_123' title='bbox 406 1993 627 2056; x_wconf 87' lang='lat' dir='ltr'><strong>teneor</strong></span> <span class='ocrx_word' id='word_1_124' title='bbox 669 1990 867 2076; x_wconf 91' lang='lat' dir='ltr'><strong>dono,</strong></span> <span class='ocrx_word' id='word_1_125' title='bbox 913 2013 1103 2077; x_wconf 88' lang='lat' dir='ltr'><strong>quam</strong></span> <span class='ocrx_word' id='word_1_126' title='bbox 1147 1993 1203 2057; x_wconf 88' lang='lat' dir='ltr'><strong>si</strong></span> <span class='ocrx_word' id='word_1_127' title='bbox 1247 1991 1533 2058; x_wconf 90' lang='lat' dir='ltr'><strong>dimittar</strong></span> <span class='ocrx_word' id='word_1_128' title='bbox 1576 1995 1886 2059; x_wconf 87' lang='lat' dir='ltr'><strong>onustus.&#39;</strong></span> 
     </span>
     <span class='ocr_line' id='line_1_21' title="bbox 179 2074 1970 2161; baseline 0.002 -21"><span class='ocrx_word' id='word_1_129' title='bbox 179 2074 296 2141; x_wconf 77' lang='lat' dir='ltr'><strong>‘Vt</strong></span> <span class='ocrx_word' id='word_1_130' title='bbox 316 2075 503 2140; x_wconf 88' lang='lat' dir='ltr'><strong>libet:</strong></span> <span class='ocrx_word' id='word_1_131' title='bbox 547 2075 704 2140; x_wconf 90' lang='lat' dir='ltr'><strong>haec</strong></span> <span class='ocrx_word' id='word_1_132' title='bbox 730 2077 943 2159; x_wconf 88' lang='lat' dir='ltr'><strong>porcis</strong></span> <span class='ocrx_word' id='word_1_133' title='bbox 971 2077 1162 2142; x_wconf 87' lang='lat' dir='ltr'><strong>hodie</strong></span> <span class='ocrx_word' id='word_1_134' title='bbox 1193 2076 1580 2142; x_wconf 87' lang='lat' dir='ltr'><strong>comedenda</strong></span> <span class='ocrx_word' id='word_1_135' title='bbox 1605 2077 1970 2161; x_wconf 88' lang='lat' dir='ltr'><strong>relinques.’</strong></span> 
     </span>
     <span class='ocr_line' id='line_1_22' title="bbox 174 2159 2099 2245; baseline 0.001 -22"><span class='ocrx_word' id='word_1_136' title='bbox 174 2159 494 2244; x_wconf 83' lang='lat' dir='ltr'><strong>Prodigus</strong></span> <span class='ocrx_word' id='word_1_137' title='bbox 539 2163 604 2224; x_wconf 93' lang='lat' dir='ltr'><strong>et</strong></span> <span class='ocrx_word' id='word_1_138' title='bbox 645 2161 876 2224; x_wconf 87' lang='lat' dir='ltr'><strong>stultus</strong></span> <span class='ocrx_word' id='word_1_139' title='bbox 919 2160 1119 2224; x_wconf 87' lang='lat' dir='ltr'><strong>donat</strong></span> <span class='ocrx_word' id='word_1_140' title='bbox 1159 2182 1320 2244; x_wconf 87' lang='lat' dir='ltr'><strong>quae</strong></span> <span class='ocrx_word' id='word_1_141' title='bbox 1363 2162 1608 2245; x_wconf 87' lang='lat' dir='ltr'><strong>spernit</strong></span> <span class='ocrx_word' id='word_1_142' title='bbox 1650 2164 1715 2225; x_wconf 93' lang='lat' dir='ltr'><strong>et</strong></span> <span class='ocrx_word' id='word_1_143' title='bbox 1761 2161 1923 2227; x_wconf 89' lang='lat' dir='ltr'><strong>odit:</strong></span> <span class='ocrx_word' id='word_1_144' title='bbox 2029 2174 2099 2224; x_wconf 81' lang='lat'><strong>20</strong></span> 
     </span>
     <span class='ocr_line' id='line_1_23' title="bbox 173 2244 1969 2328; baseline 0.001 -20"><span class='ocrx_word' id='word_1_145' title='bbox 173 2244 357 2308; x_wconf 86' lang='lat' dir='ltr'><strong>Haec</strong></span> <span class='ocrx_word' id='word_1_146' title='bbox 399 2264 583 2328; x_wconf 85' lang='lat' dir='ltr'><strong>seges</strong></span> <span class='ocrx_word' id='word_1_147' title='bbox 624 2244 912 2328; x_wconf 85' lang='lat' dir='ltr'><strong>ingratos</strong></span> <span class='ocrx_word' id='word_1_148' title='bbox 952 2245 1106 2308; x_wconf 89' lang='lat' dir='ltr'><strong>tulit</strong></span> <span class='ocrx_word' id='word_1_149' title='bbox 1132 2248 1197 2308; x_wconf 87' lang='lat' dir='ltr'><strong>et</strong></span> <span class='ocrx_word' id='word_1_150' title='bbox 1238 2245 1403 2309; x_wconf 87' lang='lat' dir='ltr'><strong>feret</strong></span> <span class='ocrx_word' id='word_1_151' title='bbox 1428 2245 1724 2309; x_wconf 84' lang='lat' dir='ltr'><strong>omnibus</strong></span> <span class='ocrx_word' id='word_1_152' title='bbox 1766 2245 1969 2310; x_wconf 90' lang='lat' dir='ltr'><strong>annis.</strong></span> 
     </span>
     <span class='ocr_line' id='line_1_24' title="bbox 174 2326 1844 2412; baseline 0 -19"><span class='ocrx_word' id='word_1_153' title='bbox 174 2326 297 2393; x_wconf 87' lang='lat' dir='ltr'><strong>Vir</strong></span> <span class='ocrx_word' id='word_1_154' title='bbox 337 2327 543 2391; x_wconf 90' lang='lat' dir='ltr'><strong>bonus</strong></span> <span class='ocrx_word' id='word_1_155' title='bbox 588 2330 653 2391; x_wconf 93' lang='lat' dir='ltr'><strong>et</strong></span> <span class='ocrx_word' id='word_1_156' title='bbox 687 2329 942 2411; x_wconf 89' lang='lat' dir='ltr'><strong>sapiens</strong></span> <span class='ocrx_word' id='word_1_157' title='bbox 985 2328 1198 2412; x_wconf 86' lang='lat' dir='ltr'><strong>dignis</strong></span> <span class='ocrx_word' id='word_1_158' title='bbox 1241 2328 1334 2392; x_wconf 93' lang='lat' dir='ltr'><strong>ait</strong></span> <span class='ocrx_word' id='word_1_159' title='bbox 1374 2349 1512 2393; x_wconf 91' lang='lat' dir='ltr'><strong>esse</strong></span> <span class='ocrx_word' id='word_1_160' title='bbox 1553 2331 1844 2412; x_wconf 86' lang='lat' dir='ltr'><strong>paratus,</strong></span> 
     </span>
     <span class='ocr_line' id='line_1_25' title="bbox 173 2411 1903 2509; baseline 0.001 -33"><span class='ocrx_word' id='word_1_161' title='bbox 173 2411 240 2476; x_wconf 85' lang='lat' dir='ltr'>N</span> <span class='ocrx_word' id='word_1_162' title='bbox 242 2431 316 2508; x_wconf 77' lang='lat' dir='ltr'><strong>ec</strong></span> <span class='ocrx_word' id='word_1_163' title='bbox 357 2413 575 2476; x_wconf 85' lang='lat' dir='ltr'><strong>tamen</strong></span> <span class='ocrx_word' id='word_1_164' title='bbox 615 2412 876 2496; x_wconf 83' lang='lat' dir='ltr'><strong>ignorat</strong></span> <span class='ocrx_word' id='word_1_165' title='bbox 915 2411 1067 2495; x_wconf 90' lang='lat' dir='ltr'><strong>quid</strong></span> <span class='ocrx_word' id='word_1_166' title='bbox 1100 2411 1353 2509; x_wconf 36' lang='lat' dir='ltr'><strong>‘distent</strong></span> <span class='ocrx_word' id='word_1_167' title='bbox 1392 2434 1541 2477; x_wconf 87' lang='lat' dir='ltr'><strong>aera</strong></span> <span class='ocrx_word' id='word_1_168' title='bbox 1582 2413 1841 2496; x_wconf 84' lang='lat' dir='ltr'><strong>lupinis.</strong></span> <span class='ocrx_word' id='word_1_169' title='bbox 1890 2496 1903 2509; x_wconf 44' lang='lat'><strong>·</strong></span> 
     </span>
     <span class='ocr_line' id='line_1_26' title="bbox 173 2494 2099 2676; baseline 0.001 -34"><span class='ocrx_word' id='word_1_170' title='bbox 173 2494 1959 2676; x_wconf 45' lang='lat' dir='ltr'><strong>DQafflondffnffississfflssffifficffissrssffuflgqffeioem&#39;</strong></span> <span class='ocrx_word' id='word_1_171' title='bbox 2030 2590 2099 2643; x_wconf 54' lang='grc' dir='ltr'>ω</span> 
     </span>
     <span class='ocr_line' id='line_1_27' title="bbox 173 2661 1781 2748; baseline 0 -21"><span class='ocrx_word' id='word_1_172' title='bbox 173 2661 371 2727; x_wconf 85' lang='lat' dir='ltr'><strong>Forte</strong></span> <span class='ocrx_word' id='word_1_173' title='bbox 412 2662 611 2745; x_wconf 87' lang='lat' dir='ltr'><strong>latus,</strong></span> <span class='ocrx_word' id='word_1_174' title='bbox 653 2684 874 2748; x_wconf 87' lang='lat' dir='ltr'><strong>mgros</strong></span> <span class='ocrx_word' id='word_1_175' title='bbox 918 2665 1195 2747; x_wconf 90' lang='lat' dir='ltr'><strong>angusta</strong></span> <span class='ocrx_word' id='word_1_176' title='bbox 1233 2664 1445 2727; x_wconf 84' lang='lat' dir='ltr'><strong>fronte</strong></span> <span class='ocrx_word' id='word_1_177' title='bbox 1489 2663 1751 2746; x_wconf 73' lang='lat' dir='ltr'><strong>capillos</strong></span> <span class='ocrx_word' id='word_1_178' title='bbox 1762 2710 1781 2745; x_wconf 90' lang='lat'><em>,</em></span> 
     </span>
     <span class='ocr_line' id='line_1_28' title="bbox 173 2745 1869 2830; baseline 0 -20"><span class='ocrx_word' id='word_1_179' title='bbox 173 2745 429 2811; x_wconf 86' lang='lat' dir='ltr'><strong>Reddes</strong></span> <span class='ocrx_word' id='word_1_180' title='bbox 473 2746 654 2811; x_wconf 88' lang='lat' dir='ltr'><strong>dulce</strong></span> <span class='ocrx_word' id='word_1_181' title='bbox 698 2747 872 2830; x_wconf 86' lang='lat' dir='ltr'><strong>loqui</strong></span> <span class='ocrx_word' id='word_1_182' title='bbox 944 2745 1170 2811; x_wconf 88' lang='lat' dir='ltr'><strong>reddes</strong></span> <span class='ocrx_word' id='word_1_183' title='bbox 1214 2745 1419 2811; x_wconf 89' lang='lat' dir='ltr'><strong>ridere</strong></span> <span class='ocrx_word' id='word_1_184' title='bbox 1463 2745 1760 2810; x_wconf 89' lang='lat' dir='ltr'><strong>decorum</strong></span> <span class='ocrx_word' id='word_1_185' title='bbox 1803 2749 1869 2810; x_wconf 93' lang='lat' dir='ltr'><strong>et</strong></span> 
     </span>
     <span class='ocr_line' id='line_1_29' title="bbox 172 2795 1840 2926; baseline 0 -32"><span class='ocrx_word' id='word_1_186' title='bbox 172 2830 358 2894; x_wconf 88' lang='lat' dir='ltr'><strong>Inter</strong></span> <span class='ocrx_word' id='word_1_187' title='bbox 397 2830 549 2894; x_wconf 84' lang='lat' dir='ltr'><strong>vina</strong></span> <span class='ocrx_word' id='word_1_188' title='bbox 589 2830 810 2915; x_wconf 85' lang='lat' dir='ltr'><strong>fugam</strong></span> <span class='ocrx_word' id='word_1_189' title='bbox 853 2795 1122 2895; x_wconf 63' lang='lat' dir='ltr'><strong>dinarae</strong></span> <span class='ocrx_word' id='word_1_190' title='bbox 1164 2851 1446 2894; x_wconf 89' lang='lat' dir='ltr'><strong>maerere</strong></span> <span class='ocrx_word' id='word_1_191' title='bbox 1488 2832 1840 2926; x_wconf 79' lang='lat' dir='ltr'><strong>protervae.</strong></span> 
     </span>
     <span class='ocr_line' id='line_1_30' title="bbox 173 2912 1753 2999; baseline -0.001 -20"><span class='ocrx_word' id='word_1_192' title='bbox 173 2913 368 2979; x_wconf 86' lang='lat' dir='ltr'><strong>Forte</strong></span> <span class='ocrx_word' id='word_1_193' title='bbox 408 2934 524 2998; x_wconf 87' lang='lat' dir='ltr'><strong>per</strong></span> <span class='ocrx_word' id='word_1_194' title='bbox 565 2917 907 2999; x_wconf 84' lang='lat' dir='ltr'><strong>angustam</strong></span> <span class='ocrx_word' id='word_1_195' title='bbox 946 2914 1157 2979; x_wconf 86' lang='lat' dir='ltr'><strong>tenuis</strong></span> <span class='ocrx_word' id='word_1_196' title='bbox 1198 2912 1484 2978; x_wconf 88' lang='lat' dir='ltr'><strong>nitedula</strong></span> <span class='ocrx_word' id='word_1_197' title='bbox 1522 2934 1753 2977; x_wconf 85' lang='lat' dir='ltr'><strong>nmam</strong></span> 
     </span>
     <span class='ocr_line' id='line_1_31' title="bbox 172 2997 2099 3082; baseline -0.002 -19"><span class='ocrx_word' id='word_1_198' title='bbox 172 2997 489 3082; x_wconf 83' lang='lat' dir='ltr'><strong>Repserat</strong></span> <span class='ocrx_word' id='word_1_199' title='bbox 527 2998 598 3062; x_wconf 90' lang='lat' dir='ltr'><strong>in</strong></span> <span class='ocrx_word' id='word_1_200' title='bbox 641 3018 960 3063; x_wconf 86' lang='lat' dir='ltr'><strong>cumeram</strong></span> <span class='ocrx_word' id='word_1_201' title='bbox 1001 2997 1331 3081; x_wconf 82' lang='lat' dir='ltr'><strong>frumenti,</strong></span> <span class='ocrx_word' id='word_1_202' title='bbox 1373 2999 1683 3081; x_wconf 86' lang='lat' dir='ltr'><strong>pastaque</strong></span> <span class='ocrx_word' id='word_1_203' title='bbox 1727 3019 1943 3066; x_wconf 82' lang='lat' dir='ltr'><strong>rursus</strong></span> <span class='ocrx_word' id='word_1_204' title='bbox 2029 3009 2099 3060; x_wconf 80' lang='grc'><strong>30</strong></span> 
     </span>
     <span class='ocr_line' id='line_1_32' title="bbox 174 3080 1680 3166; baseline -0.001 -19"><span class='ocrx_word' id='word_1_205' title='bbox 174 3081 276 3147; x_wconf 86' lang='lat' dir='ltr'><strong>Ire</strong></span> <span class='ocrx_word' id='word_1_206' title='bbox 317 3081 490 3147; x_wconf 85' lang='lat' dir='ltr'><strong>foras</strong></span> <span class='ocrx_word' id='word_1_207' title='bbox 578 3082 724 3147; x_wconf 91' lang='lat' dir='ltr'><strong>leno</strong></span> <span class='ocrx_word' id='word_1_208' title='bbox 765 3081 1068 3147; x_wconf 87' lang='lat' dir='ltr'><strong>tendebat</strong></span> <span class='ocrx_word' id='word_1_209' title='bbox 1108 3102 1374 3165; x_wconf 89' lang='lat' dir='ltr'><strong>corpore</strong></span> <span class='ocrx_word' id='word_1_210' title='bbox 1416 3080 1680 3166; x_wconf 83' lang='lat' dir='ltr'><strong>frustra3</strong></span> 
     </span>
     <span class='ocr_line' id='line_1_33' title="bbox 177 3164 1899 3250; baseline -0.001 -18"><span class='ocrx_word' id='word_1_211' title='bbox 177 3164 291 3232; x_wconf 78' lang='lat' dir='ltr'><strong>oui</strong></span> <span class='ocrx_word' id='word_1_212' title='bbox 334 3168 542 3230; x_wconf 90' lang='lat' dir='ltr'><strong>muste</strong></span> <span class='ocrx_word' id='word_1_213' title='bbox 647 3166 869 3249; x_wconf 88' lang='lat' dir='ltr'><strong>procul</strong></span> <span class='ocrx_word' id='word_1_214' title='bbox 911 3166 995 3229; x_wconf 76' lang='lat' dir='ltr'><strong>‘si</strong></span> <span class='ocrx_word' id='word_1_215' title='bbox 1033 3166 1154 3230; x_wconf 84' lang='lat' dir='ltr'><strong>vis&#39;</strong></span> <span class='ocrx_word' id='word_1_216' title='bbox 1199 3167 1291 3230; x_wconf 88' lang='lat' dir='ltr'><strong>ait</strong></span> <span class='ocrx_word' id='word_1_217' title='bbox 1334 3165 1637 3250; x_wconf 81' lang='lat' dir='ltr'><strong>‘effugere</strong></span> <span class='ocrx_word' id='word_1_218' title='bbox 1679 3166 1899 3248; x_wconf 88' lang='lat' dir='ltr'><strong>istinc,</strong></span> 
     </span>
     <span class='ocr_line' id='line_1_34' title="bbox 176 3248 1969 3334; baseline -0.001 -19"><span class='ocrx_word' id='word_1_219' title='bbox 176 3248 395 3315; x_wconf 86' lang='lat' dir='ltr'><strong>Macra</strong></span> <span class='ocrx_word' id='word_1_220' title='bbox 422 3270 648 3314; x_wconf 84' lang='lat' dir='ltr'><strong>cavum</strong></span> <span class='ocrx_word' id='word_1_221' title='bbox 676 3252 924 3334; x_wconf 89' lang='lat' dir='ltr'><strong>repetes</strong></span> <span class='ocrx_word' id='word_1_222' title='bbox 952 3252 1191 3332; x_wconf 84' lang='lat' dir='ltr'><strong>artum,</strong></span> <span class='ocrx_word' id='word_1_223' title='bbox 1235 3270 1422 3333; x_wconf 89' lang='lat' dir='ltr'><strong>quem</strong></span> <span class='ocrx_word' id='word_1_224' title='bbox 1456 3270 1672 3315; x_wconf 88' lang='lat' dir='ltr'><strong>macra</strong></span> <span class='ocrx_word' id='word_1_225' title='bbox 1699 3249 1969 3314; x_wconf 85' lang='lat' dir='ltr'><strong>subisti.’</strong></span> 
     </span>
     <span class='ocr_line' id='line_1_35' title="bbox 176 3332 1907 3420; baseline 0 -22"><span class='ocrx_word' id='word_1_226' title='bbox 176 3332 313 3400; x_wconf 86' lang='lat' dir='ltr'><strong>Hac</strong></span> <span class='ocrx_word' id='word_1_227' title='bbox 357 3355 479 3420; x_wconf 88' lang='lat' dir='ltr'><strong>ego</strong></span> <span class='ocrx_word' id='word_1_228' title='bbox 525 3334 582 3398; x_wconf 92' lang='lat' dir='ltr'><strong>si</strong></span> <span class='ocrx_word' id='word_1_229' title='bbox 625 3354 746 3398; x_wconf 94' lang='lat' dir='ltr'><strong>con</strong></span> <span class='ocrx_word' id='word_1_230' title='bbox 792 3334 953 3398; x_wconf 90' lang='lat' dir='ltr'><strong>ellor</strong></span> <span class='ocrx_word' id='word_1_231' title='bbox 993 3333 1301 3417; x_wconf 89' lang='lat' dir='ltr'><strong>imagine,</strong></span> <span class='ocrx_word' id='word_1_232' title='bbox 1348 3336 1579 3397; x_wconf 91' lang='lat' dir='ltr'><strong>cuncta</strong></span> <span class='ocrx_word' id='word_1_233' title='bbox 1617 3333 1907 3418; x_wconf 87' lang='lat' dir='ltr'><strong>resigno:</strong></span> 
     </span>
     <span class='ocr_line' id='line_1_36' title="bbox 175 3415 2097 3501; baseline -0.002 -18"><span class='ocrx_word' id='word_1_234' title='bbox 175 3415 311 3483; x_wconf 84' lang='lat' dir='ltr'><strong>Nec</strong></span> <span class='ocrx_word' id='word_1_235' title='bbox 353 3439 650 3484; x_wconf 89' lang='lat' dir='ltr'><strong>somnum</strong></span> <span class='ocrx_word' id='word_1_236' title='bbox 691 3440 734 3501; x_wconf 89' lang='lat' dir='ltr'><strong>p</strong></span> <span class='ocrx_word' id='word_1_237' title='bbox 764 3418 898 3482; x_wconf 83' lang='lat' dir='ltr'><strong>obis</strong></span> <span class='ocrx_word' id='word_1_238' title='bbox 941 3416 1128 3482; x_wconf 91' lang='lat' dir='ltr'><strong>laudo</strong></span> <span class='ocrx_word' id='word_1_239' title='bbox 1173 3420 1349 3481; x_wconf 87' lang='lat' dir='ltr'><strong>satur</strong></span> <span class='ocrx_word' id='word_1_240' title='bbox 1388 3416 1661 3481; x_wconf 85' lang='lat' dir='ltr'><strong>altilium</strong></span> <span class='ocrx_word' id='word_1_241' title='bbox 1701 3436 1823 3481; x_wconf 89' lang='lat' dir='ltr'><strong>nec</strong></span> <span class='ocrx_word' id='word_1_242' title='bbox 2029 3426 2097 3478; x_wconf 71' lang='lat'><strong>35</strong></span> 
     </span>
     <span class='ocr_line' id='line_1_37' title="bbox 181 3500 1535 3569; baseline -0.004 0"><span class='ocrx_word' id='word_1_243' title='bbox 181 3500 324 3569; x_wconf 84' lang='lat' dir='ltr'><strong>Otia</strong></span> <span class='ocrx_word' id='word_1_244' title='bbox 365 3502 607 3567; x_wconf 80' lang='lat' dir='ltr'><strong>diviffis</strong></span> <span class='ocrx_word' id='word_1_245' title='bbox 648 3501 934 3566; x_wconf 88' lang='lat' dir='ltr'><strong>Arabum</strong></span> <span class='ocrx_word' id='word_1_246' title='bbox 976 3500 1299 3565; x_wconf 88' lang='lat' dir='ltr'><strong>liberrima</strong></span> <span class='ocrx_word' id='word_1_247' title='bbox 1336 3503 1535 3564; x_wconf 91' lang='lat' dir='ltr'><strong>muto.</strong></span> 
     </span>
    </p>

    <p class='ocr_par' dir='ltr' id='par_1_4' title="bbox 1682 3603 1791 3656">
     <span class='ocr_line' id='line_1_38' title="bbox 1682 3603 1791 3656; baseline 0.028 -3"><span class='ocrx_word' id='word_1_248' title='bbox 1682 3603 1791 3656; x_wconf 72' lang='lat'><strong>13*</strong></span> 
     </span>
    </p>
   </div>
  </div>
 </body>
</html>
