<?xml version="1.0" encoding="UTF-8"?>
<!DOCTYPE html PUBLIC "-//W3C//DTD XHTML 1.0 Transitional//EN"
    "http://www.w3.org/TR/xhtml1/DTD/xhtml1-transitional.dtd">
<html xmlns="http://www.w3.org/1999/xhtml" xml:lang="en" lang="en">
 <head>
  <title>
</title>
<meta http-equiv="Content-Type" content="text/html;charset=utf-8" />
  <meta name='ocr-system' content='tesseract 3.04.00' />
  <meta name='ocr-capabilities' content='ocr_page ocr_carea ocr_par ocr_line ocrx_word'/>
</head>
<body>
  <div class='ocr_page' id='page_1' title='image "./qvaleriicatulli03catugoog_0069.png"; bbox 0 0 2588 4046; ppageno 0'>
   <div class='ocr_carea' id='block_1_1' title="bbox 170 234 2121 331">
    <p class='ocr_par' dir='ltr' id='par_1_1' title="bbox 170 234 2121 331">
     <span class='ocr_line' id='line_1_1' title="bbox 170 234 2121 331; baseline 0.001 -33"><span class='ocrx_word' id='word_1_1' title='bbox 170 241 409 315; x_wconf 66' lang='lat' dir='ltr'>xxm]</span> <span class='ocrx_word' id='word_1_2' title='bbox 1001 241 1216 295; x_wconf 80' lang='lat' dir='ltr'>LIBER</span> <span class='ocrx_word' id='word_1_3' title='bbox 1249 242 1303 331; x_wconf 67' lang='lat' dir='ltr'>J.</span> <span class='ocrx_word' id='word_1_4' title='bbox 2037 234 2121 300; x_wconf 87' lang='lat'>25</span> 
     </span>
    </p>
   </div>
   <div class='ocr_carea' id='block_1_2' title="bbox 1034 473 1294 548">
    <p class='ocr_par' dir='ltr' id='par_1_2' title="bbox 1034 473 1294 548">
     <span class='ocr_line' id='line_1_2' title="bbox 1034 473 1294 548; baseline 0.008 -3"><span class='ocrx_word' id='word_1_5' title='bbox 1034 473 1294 548; x_wconf 88' lang='lat' dir='ltr'>XXXI.</span> 
     </span>
    </p>
   </div>
   <div class='ocr_carea' id='block_1_3' title="bbox 400 604 1760 941">
    <p class='ocr_par' dir='ltr' id='par_1_3' title="bbox 400 604 1760 941">
     <span class='ocr_line' id='line_1_3' title="bbox 401 604 1637 688; baseline 0 -19"><span class='ocrx_word' id='word_1_6' title='bbox 401 604 572 681; x_wconf 85' lang='lat' dir='ltr'><strong>Quid</strong></span> <span class='ocrx_word' id='word_1_7' title='bbox 616 604 974 669; x_wconf 90' lang='lat' dir='ltr'>dedicatum</span> <span class='ocrx_word' id='word_1_8' title='bbox 1017 604 1227 688; x_wconf 93' lang='lat' dir='ltr'>poscit</span> <span class='ocrx_word' id='word_1_9' title='bbox 1266 605 1637 688; x_wconf 82' lang='lat' dir='ltr'>Apollinem</span> 
     </span>
     <span class='ocr_line' id='line_1_4' title="bbox 400 687 1760 771; baseline 0 -17"><span class='ocrx_word' id='word_1_10' title='bbox 400 689 643 754; x_wconf 81' lang='lat' dir='ltr'>Vates?</span> <span class='ocrx_word' id='word_1_11' title='bbox 716 687 881 762; x_wconf 89' lang='lat' dir='ltr'>Quid</span> <span class='ocrx_word' id='word_1_12' title='bbox 924 690 1096 771; x_wconf 88' lang='lat' dir='ltr'>orat,</span> <span class='ocrx_word' id='word_1_13' title='bbox 1143 688 1219 752; x_wconf 92' lang='lat' dir='ltr'>de</span> <span class='ocrx_word' id='word_1_14' title='bbox 1310 692 1482 753; x_wconf 89' lang='lat' dir='ltr'>atera</span> <span class='ocrx_word' id='word_1_15' title='bbox 1524 710 1760 754; x_wconf 91' lang='lat' dir='ltr'>novum</span> 
     </span>
     <span class='ocr_line' id='line_1_5' title="bbox 496 771 1700 856; baseline 0.001 -19"><span class='ocrx_word' id='word_1_16' title='bbox 496 772 794 837; x_wconf 79' lang='lat' dir='ltr'>Fundens</span> <span class='ocrx_word' id='word_1_17' title='bbox 838 771 1196 855; x_wconf 80' lang='lat' dir='ltr'><strong>liquorem?</strong></span> <span class='ocrx_word' id='word_1_18' title='bbox 1323 793 1409 836; x_wconf 92' lang='lat' dir='ltr'>on</span> <span class='ocrx_word' id='word_1_19' title='bbox 1452 774 1700 856; x_wconf 82' lang='lat' dir='ltr'>opimae</span> 
     </span>
     <span class='ocr_line' id='line_1_6' title="bbox 599 855 1544 941; baseline 0.001 -21"><span class='ocrx_word' id='word_1_20' title='bbox 599 855 929 921; x_wconf 77' lang='lat' dir='ltr'>Sardiniae</span> <span class='ocrx_word' id='word_1_21' title='bbox 974 859 1220 941; x_wconf 77' lang='lat' dir='ltr'><strong>segetes</strong></span> <span class='ocrx_word' id='word_1_22' title='bbox 1272 856 1544 938; x_wconf 87' lang='lat' dir='ltr'>feraces,</span> 
     </span>
    </p>
   </div>
   <div class='ocr_carea' id='block_1_4' title="bbox 402 988 2116 1337">
    <p class='ocr_par' dir='ltr' id='par_1_4' title="bbox 402 988 2116 1337">
     <span class='ocr_line' id='line_1_7' title="bbox 402 988 2116 1075; baseline -0.001 -20"><span class='ocrx_word' id='word_1_23' title='bbox 402 990 559 1055; x_wconf 85' lang='lat' dir='ltr'>Non</span> <span class='ocrx_word' id='word_1_24' title='bbox 600 993 929 1055; x_wconf 88' lang='lat' dir='ltr'>aestuosae</span> <span class='ocrx_word' id='word_1_25' title='bbox 971 993 1012 1072; x_wconf 89' lang='lat'>†</span> <span class='ocrx_word' id='word_1_26' title='bbox 1029 992 1215 1075; x_wconf 86' lang='lat' dir='ltr'>grata</span> <span class='ocrx_word' id='word_1_27' title='bbox 1251 988 1582 1055; x_wconf 79' lang='lat' dir='ltr'>Calabriae</span> <span class='ocrx_word' id='word_1_28' title='bbox 2086 1005 2116 1054; x_wconf 74' lang='grc'>5</span> 
     </span>
     <span class='ocr_line' id='line_1_8' title="bbox 402 1074 1906 1158; baseline 0.001 -21"><span class='ocrx_word' id='word_1_29' title='bbox 402 1075 744 1158; x_wconf 81' lang='lat' dir='ltr'>Armenta,</span> <span class='ocrx_word' id='word_1_30' title='bbox 789 1096 922 1139; x_wconf 89' lang='lat' dir='ltr'>non</span> <span class='ocrx_word' id='word_1_31' title='bbox 967 1095 1190 1138; x_wconf 90' lang='lat' dir='ltr'>aurum</span> <span class='ocrx_word' id='word_1_32' title='bbox 1234 1078 1345 1138; x_wconf 91' lang='lat' dir='ltr'>aut</span> <span class='ocrx_word' id='word_1_33' title='bbox 1389 1074 1545 1139; x_wconf 92' lang='lat' dir='ltr'>ebur</span> <span class='ocrx_word' id='word_1_34' title='bbox 1587 1074 1906 1158; x_wconf 85' lang='lat' dir='ltr'>Indicum,</span> 
     </span>
     <span class='ocr_line' id='line_1_9' title="bbox 497 1157 1549 1241; baseline 0 -19"><span class='ocrx_word' id='word_1_35' title='bbox 497 1157 649 1223; x_wconf 93' lang='lat' dir='ltr'>Non</span> <span class='ocrx_word' id='word_1_36' title='bbox 691 1179 868 1241; x_wconf 83' lang='lat' dir='ltr'>rura,</span> <span class='ocrx_word' id='word_1_37' title='bbox 914 1178 1073 1241; x_wconf 91' lang='lat' dir='ltr'>quae</span> <span class='ocrx_word' id='word_1_38' title='bbox 1115 1158 1280 1221; x_wconf 89' lang='lat' dir='ltr'>Liris</span> <span class='ocrx_word' id='word_1_39' title='bbox 1333 1158 1549 1241; x_wconf 88' lang='lat' dir='ltr'>quieta</span> 
     </span>
     <span class='ocr_line' id='line_1_10' title="bbox 597 1241 1712 1337; baseline 0.002 -33"><span class='ocrx_word' id='word_1_40' title='bbox 597 1241 851 1305; x_wconf 92' lang='lat' dir='ltr'>Mordet</span> <span class='ocrx_word' id='word_1_41' title='bbox 878 1262 1044 1337; x_wconf 80' lang='lat' dir='ltr'>aqua</span> <span class='ocrx_word' id='word_1_42' title='bbox 1086 1243 1444 1306; x_wconf 76' lang='lat' dir='ltr'>taciturnus</span> <span class='ocrx_word' id='word_1_43' title='bbox 1490 1243 1712 1307; x_wconf 83' lang='lat' dir='ltr'>amnis,</span> 
     </span>
    </p>
   </div>
   <div class='ocr_carea' id='block_1_5' title="bbox 400 1372 2120 1708">
    <p class='ocr_par' dir='ltr' id='par_1_5' title="bbox 400 1372 2120 1708">
     <span class='ocr_line' id='line_1_11' title="bbox 400 1372 1757 1456; baseline -0.001 -17"><span class='ocrx_word' id='word_1_44' title='bbox 400 1375 706 1439; x_wconf 90' lang='lat' dir='ltr'>Premant</span> <span class='ocrx_word' id='word_1_45' title='bbox 749 1372 1053 1439; x_wconf 84' lang='lat' dir='ltr'>Calenam</span> <span class='ocrx_word' id='word_1_46' title='bbox 1096 1375 1262 1440; x_wconf 89' lang='lat' dir='ltr'>falce</span> <span class='ocrx_word' id='word_1_47' title='bbox 1309 1374 1537 1456; x_wconf 89' lang='lat' dir='ltr'>quibus</span> <span class='ocrx_word' id='word_1_48' title='bbox 1582 1374 1757 1438; x_wconf 88' lang='lat' dir='ltr'>dedit</span> 
     </span>
     <span class='ocr_line' id='line_1_12' title="bbox 400 1457 2120 1541; baseline -0.002 -18"><span class='ocrx_word' id='word_1_49' title='bbox 400 1458 690 1523; x_wconf 76' lang='lat' dir='ltr'>Fortuna</span> <span class='ocrx_word' id='word_1_50' title='bbox 731 1457 954 1541; x_wconf 88' lang='lat' dir='ltr'>vitem,</span> <span class='ocrx_word' id='word_1_51' title='bbox 1001 1458 1176 1521; x_wconf 89' lang='lat' dir='ltr'>dives</span> <span class='ocrx_word' id='word_1_52' title='bbox 1221 1460 1287 1521; x_wconf 88' lang='lat' dir='ltr'>et</span> <span class='ocrx_word' id='word_1_53' title='bbox 1330 1457 1534 1520; x_wconf 85' lang='lat' dir='ltr'>aureis</span> <span class='ocrx_word' id='word_1_54' title='bbox 2056 1471 2120 1520; x_wconf 82' lang='grc' dir='ltr'>ιο</span> 
     </span>
     <span class='ocr_line' id='line_1_13' title="bbox 497 1540 1422 1605; baseline -0.002 0"><span class='ocrx_word' id='word_1_55' title='bbox 497 1541 815 1605; x_wconf 83' lang='lat' dir='ltr'>Mercator</span> <span class='ocrx_word' id='word_1_56' title='bbox 858 1540 1132 1605; x_wconf 81' lang='lat' dir='ltr'>exsiccet</span> <span class='ocrx_word' id='word_1_57' title='bbox 1173 1541 1422 1604; x_wconf 84' lang='lat' dir='ltr'>culullis</span> 
     </span>
     <span class='ocr_line' id='line_1_14' title="bbox 599 1624 1586 1708; baseline -0.001 -20"><span class='ocrx_word' id='word_1_58' title='bbox 599 1625 768 1689; x_wconf 87' lang='lat' dir='ltr'>Vina</span> <span class='ocrx_word' id='word_1_59' title='bbox 812 1624 970 1708; x_wconf 82' lang='lat' dir='ltr'>Syra</span> <span class='ocrx_word' id='word_1_60' title='bbox 1010 1627 1307 1708; x_wconf 87' lang='lat' dir='ltr'>reparata</span> <span class='ocrx_word' id='word_1_61' title='bbox 1349 1645 1586 1708; x_wconf 84' lang='lat' dir='ltr'>merce,</span> 
     </span>
    </p>
   </div>
   <div class='ocr_carea' id='block_1_6' title="bbox 402 1758 2119 2315">
    <p class='ocr_par' dir='ltr' id='par_1_6' title="bbox 402 1758 2119 2315">
     <span class='ocr_line' id='line_1_15' title="bbox 403 1758 1821 1843; baseline 0 -20"><span class='ocrx_word' id='word_1_62' title='bbox 403 1759 526 1823; x_wconf 87' lang='lat' dir='ltr'>Dis</span> <span class='ocrx_word' id='word_1_63' title='bbox 574 1780 752 1823; x_wconf 87' lang='lat' dir='ltr'>carus</span> <span class='ocrx_word' id='word_1_64' title='bbox 796 1758 987 1842; x_wconf 86' lang='lat' dir='ltr'>ipsis,</span> <span class='ocrx_word' id='word_1_65' title='bbox 1033 1759 1266 1843; x_wconf 89' lang='lat' dir='ltr'>quippe</span> <span class='ocrx_word' id='word_1_66' title='bbox 1310 1761 1408 1823; x_wconf 90' lang='lat' dir='ltr'>ter</span> <span class='ocrx_word' id='word_1_67' title='bbox 1451 1761 1516 1822; x_wconf 92' lang='lat' dir='ltr'>et</span> <span class='ocrx_word' id='word_1_68' title='bbox 1559 1762 1821 1841; x_wconf 89' lang='lat' dir='ltr'>quater·</span> 
     </span>
     <span class='ocr_line' id='line_1_16' title="bbox 402 1842 1645 1925; baseline -0.002 -18"><span class='ocrx_word' id='word_1_69' title='bbox 402 1844 602 1923; x_wconf 79' lang='lat' dir='ltr'>Anno</span> <span class='ocrx_word' id='word_1_70' title='bbox 645 1842 927 1907; x_wconf 82' lang='lat' dir='ltr'>revisens</span> <span class='ocrx_word' id='word_1_71' title='bbox 969 1863 1206 1925; x_wconf 89' lang='lat' dir='ltr'>aequor</span> <span class='ocrx_word' id='word_1_72' title='bbox 1247 1842 1645 1906; x_wconf 86' lang='lat' dir='ltr'>Atlanticum</span> 
     </span>
     <span class='ocr_line' id='line_1_17' title="bbox 499 1925 2119 2010; baseline 0 -20"><span class='ocrx_word' id='word_1_73' title='bbox 499 1926 765 2010; x_wconf 89' lang='lat' dir='ltr'>Inpune.</span> <span class='ocrx_word' id='word_1_74' title='bbox 852 1925 960 1989; x_wconf 92' lang='lat' dir='ltr'>Me</span> <span class='ocrx_word' id='word_1_75' title='bbox 1004 1930 1275 2010; x_wconf 89' lang='lat' dir='ltr'>pascunt</span> <span class='ocrx_word' id='word_1_76' title='bbox 1320 1927 1553 2008; x_wconf 87' lang='lat' dir='ltr'>olivae,</span> <span class='ocrx_word' id='word_1_77' title='bbox 2057 1939 2119 1990; x_wconf 78' lang='lat'>15</span> 
     </span>
     <span class='ocr_line' id='line_1_18' title="bbox 601 2008 1687 2094; baseline 0.001 -20"><span class='ocrx_word' id='word_1_78' title='bbox 601 2010 705 2075; x_wconf 91' lang='lat' dir='ltr'>Me</span> <span class='ocrx_word' id='word_1_79' title='bbox 752 2008 1043 2076; x_wconf 87' lang='lat' dir='ltr'>cichorea</span> <span class='ocrx_word' id='word_1_80' title='bbox 1085 2011 1378 2094; x_wconf 89' lang='lat' dir='ltr'>levesque</span> <span class='ocrx_word' id='word_1_81' title='bbox 1422 2011 1687 2075; x_wconf 88' lang='lat' dir='ltr'>malvae.</span> 
     </span>
     <span class='ocr_line' id='line_1_19' title="bbox 403 2144 1438 2228; baseline -0.001 -19"><span class='ocrx_word' id='word_1_82' title='bbox 403 2145 564 2210; x_wconf 87' lang='lat' dir='ltr'>Frui</span> <span class='ocrx_word' id='word_1_83' title='bbox 606 2146 844 2228; x_wconf 87' lang='lat' dir='ltr'>paratis</span> <span class='ocrx_word' id='word_1_84' title='bbox 889 2147 953 2209; x_wconf 89' lang='lat' dir='ltr'>et</span> <span class='ocrx_word' id='word_1_85' title='bbox 994 2145 1202 2209; x_wconf 85' lang='lat' dir='ltr'>valido</span> <span class='ocrx_word' id='word_1_86' title='bbox 1246 2144 1438 2228; x_wconf 88' lang='lat' dir='ltr'>mihi,</span> 
     </span>
     <span class='ocr_line' id='line_1_20' title="bbox 402 2227 1549 2315; baseline 0 -22"><span class='ocrx_word' id='word_1_87' title='bbox 402 2229 607 2293; x_wconf 88' lang='lat' dir='ltr'>Latoe</span> <span class='ocrx_word' id='word_1_88' title='bbox 620 2277 639 2311; x_wconf 84' lang='lat'><em>,</em></span> <span class='ocrx_word' id='word_1_89' title='bbox 684 2227 882 2293; x_wconf 88' lang='lat' dir='ltr'>dones</span> <span class='ocrx_word' id='word_1_90' title='bbox 917 2252 992 2296; x_wconf 90' lang='lat' dir='ltr'>ac</span> <span class='ocrx_word' id='word_1_91' title='bbox 1029 2250 1256 2313; x_wconf 92' lang='lat' dir='ltr'>precor</span> <span class='ocrx_word' id='word_1_92' title='bbox 1300 2230 1549 2315; x_wconf 87' lang='lat' dir='ltr'>integra</span> 
     </span>
    </p>
   </div>
   <div class='ocr_carea' id='block_1_7' title="bbox 503 2311 2123 2480">
    <p class='ocr_par' dir='ltr' id='par_1_7' title="bbox 503 2311 2123 2480">
     <span class='ocr_line' id='line_1_21' title="bbox 503 2311 1739 2397; baseline -0.001 -19"><span class='ocrx_word' id='word_1_93' title='bbox 503 2311 666 2378; x_wconf 83' lang='lat' dir='ltr'>Cum</span> <span class='ocrx_word' id='word_1_94' title='bbox 707 2314 936 2395; x_wconf 85' lang='lat' dir='ltr'>mente,</span> <span class='ocrx_word' id='word_1_95' title='bbox 963 2334 1081 2376; x_wconf 89' lang='lat' dir='ltr'>nec</span> <span class='ocrx_word' id='word_1_96' title='bbox 1122 2315 1375 2397; x_wconf 84' lang='lat' dir='ltr'>turpem</span> <span class='ocrx_word' id='word_1_97' title='bbox 1420 2315 1739 2377; x_wconf 87' lang='lat' dir='ltr'>senectam</span> 
     </span>
     <span class='ocr_line' id='line_1_22' title="bbox 603 2395 2123 2480; baseline 0 -22"><span class='ocrx_word' id='word_1_98' title='bbox 603 2395 852 2480; x_wconf 84' lang='lat' dir='ltr'>Degere</span> <span class='ocrx_word' id='word_1_99' title='bbox 895 2417 1014 2460; x_wconf 92' lang='lat' dir='ltr'>nec</span> <span class='ocrx_word' id='word_1_100' title='bbox 1059 2396 1303 2462; x_wconf 88' lang='lat' dir='ltr'>cithara</span> <span class='ocrx_word' id='word_1_101' title='bbox 1348 2400 1685 2461; x_wconf 84' lang='lat' dir='ltr'>carentem.</span> <span class='ocrx_word' id='word_1_102' title='bbox 2056 2410 2123 2459; x_wconf 82' lang='lat'>20</span> 
     </span>
    </p>
   </div>
   <div class='ocr_carea' id='block_1_8' title="bbox 1102 2587 1314 2596">
    <p class='ocr_par' dir='ltr' id='par_1_8' title="bbox 1102 2587 1314 2596">
     <span class='ocr_line' id='line_1_23' title="bbox 1102 2587 1314 2596; baseline 0 0"><span class='ocrx_word' id='word_1_103' title='bbox 1102 2587 1314 2596; x_wconf 95' lang='lat' dir='ltr'> </span> 
     </span>
    </p>
   </div>
   <div class='ocr_carea' id='block_1_9' title="bbox 1007 2736 1303 2811">
    <p class='ocr_par' dir='ltr' id='par_1_9' title="bbox 1007 2736 1303 2811">
     <span class='ocr_line' id='line_1_24' title="bbox 1007 2736 1303 2811; baseline 0.007 -3"><span class='ocrx_word' id='word_1_104' title='bbox 1007 2736 1303 2811; x_wconf 84' lang='lat' dir='ltr'>XXXH.</span> 
     </span>
    </p>
   </div>
   <div class='ocr_carea' id='block_1_10' title="bbox 404 2865 1912 3202">
    <p class='ocr_par' dir='ltr' id='par_1_10' title="bbox 404 2865 1695 2949">
     <span class='ocr_line' id='line_1_25' title="bbox 404 2865 1695 2949; baseline 0.001 -18"><span class='ocrx_word' id='word_1_105' title='bbox 404 2867 757 2931; x_wconf 91' lang='lat' dir='ltr'>Poscimur.</span> <span class='ocrx_word' id='word_1_106' title='bbox 818 2865 1039 2949; x_wconf 82' lang='lat' dir='ltr'>Siquid</span> <span class='ocrx_word' id='word_1_107' title='bbox 1082 2868 1266 2932; x_wconf 89' lang='lat' dir='ltr'>vacui</span> <span class='ocrx_word' id='word_1_108' title='bbox 1311 2867 1426 2931; x_wconf 94' lang='lat' dir='ltr'>sub</span> <span class='ocrx_word' id='word_1_109' title='bbox 1470 2868 1695 2932; x_wconf 89' lang='lat' dir='ltr'>umbra</span> 
     </span>
    </p>

    <p class='ocr_par' dir='ltr' id='par_1_11' title="bbox 404 2950 1912 3034">
     <span class='ocr_line' id='line_1_26' title="bbox 404 2950 1912 3034; baseline 0.001 -20"><span class='ocrx_word' id='word_1_110' title='bbox 404 2950 703 3015; x_wconf 89' lang='lat' dir='ltr'>Lusimus</span> <span class='ocrx_word' id='word_1_111' title='bbox 745 2953 987 3034; x_wconf 84' lang='lat' dir='ltr'>tecum,</span> <span class='ocrx_word' id='word_1_112' title='bbox 1033 2951 1199 3033; x_wconf 89' lang='lat' dir='ltr'>quod</span> <span class='ocrx_word' id='word_1_113' title='bbox 1244 2955 1309 3015; x_wconf 91' lang='lat' dir='ltr'>et</span> <span class='ocrx_word' id='word_1_114' title='bbox 1349 2951 1520 3016; x_wconf 88' lang='lat' dir='ltr'>hunc</span> <span class='ocrx_word' id='word_1_115' title='bbox 1564 2953 1633 3016; x_wconf 93' lang='lat' dir='ltr'>in</span> <span class='ocrx_word' id='word_1_116' title='bbox 1675 2974 1912 3016; x_wconf 87' lang='lat' dir='ltr'>annum</span> 
     </span>
    </p>

    <p class='ocr_par' dir='ltr' id='par_1_12' title="bbox 405 3033 1688 3202">
     <span class='ocr_line' id='line_1_27' title="bbox 405 3033 1688 3120; baseline 0.002 -23"><span class='ocrx_word' id='word_1_117' title='bbox 405 3033 605 3098; x_wconf 86' lang='lat' dir='ltr'>Vivat</span> <span class='ocrx_word' id='word_1_118' title='bbox 648 3037 713 3098; x_wconf 90' lang='lat' dir='ltr'>et</span> <span class='ocrx_word' id='word_1_119' title='bbox 752 3035 996 3118; x_wconf 87' lang='lat' dir='ltr'>plures,</span> <span class='ocrx_word' id='word_1_120' title='bbox 1044 3055 1162 3119; x_wconf 88' lang='lat' dir='ltr'>age</span> <span class='ocrx_word' id='word_1_121' title='bbox 1214 3035 1316 3099; x_wconf 92' lang='lat' dir='ltr'>dic</span> <span class='ocrx_word' id='word_1_122' title='bbox 1357 3035 1688 3120; x_wconf 85' lang='lat' dir='ltr'>Latinum,</span> 
     </span>
     <span class='ocr_line' id='line_1_28' title="bbox 502 3117 1124 3202; baseline 0 -21"><span class='ocrx_word' id='word_1_123' title='bbox 502 3117 762 3182; x_wconf 90' lang='lat' dir='ltr'>Barbite</span> <span class='ocrx_word' id='word_1_124' title='bbox 776 3167 794 3202; x_wconf 84' lang='lat'><em>,</em></span> <span class='ocrx_word' id='word_1_125' title='bbox 842 3139 1124 3202; x_wconf 84' lang='lat' dir='ltr'>carmen,</span> 
     </span>
    </p>
   </div>
   <div class='ocr_carea' id='block_1_11' title="bbox 408 3251 2125 3421">
    <p class='ocr_par' dir='ltr' id='par_1_13' title="bbox 408 3251 2125 3421">
     <span class='ocr_line' id='line_1_29' title="bbox 408 3251 2125 3337; baseline -0.001 -22"><span class='ocrx_word' id='word_1_126' title='bbox 408 3251 641 3316; x_wconf 85' lang='lat' dir='ltr'>Lesbio</span> <span class='ocrx_word' id='word_1_127' title='bbox 685 3252 961 3336; x_wconf 91' lang='lat' dir='ltr'>primum</span> <span class='ocrx_word' id='word_1_128' title='bbox 1003 3252 1325 3317; x_wconf 88' lang='lat' dir='ltr'>modulate</span> <span class='ocrx_word' id='word_1_129' title='bbox 1372 3253 1522 3337; x_wconf 87' lang='lat' dir='ltr'>civi,</span> <span class='ocrx_word' id='word_1_130' title='bbox 2093 3265 2125 3314; x_wconf 83' lang='lat'><strong>5</strong></span> 
     </span>
     <span class='ocr_line' id='line_1_30' title="bbox 412 3334 1690 3421; baseline 0.003 -23"><span class='ocrx_word' id='word_1_131' title='bbox 412 3334 540 3410; x_wconf 85' lang='lat' dir='ltr'>Qui</span> <span class='ocrx_word' id='word_1_132' title='bbox 581 3335 759 3399; x_wconf 83' lang='lat' dir='ltr'>ferox</span> <span class='ocrx_word' id='word_1_133' title='bbox 801 3336 970 3400; x_wconf 83' lang='lat' dir='ltr'>bello</span> <span class='ocrx_word' id='word_1_134' title='bbox 1015 3339 1233 3401; x_wconf 88' lang='lat' dir='ltr'>tamen</span> <span class='ocrx_word' id='word_1_135' title='bbox 1275 3338 1443 3402; x_wconf 88' lang='lat' dir='ltr'>inter</span> <span class='ocrx_word' id='word_1_136' title='bbox 1487 3359 1690 3421; x_wconf 81' lang='lat' dir='ltr'>arma,</span> 
     </span>
    </p>
   </div>
   <div class='ocr_carea' id='block_1_12' title="bbox 413 3417 1414 3589">
    <p class='ocr_par' dir='ltr' id='par_1_14' title="bbox 413 3417 1414 3589">
     <span class='ocr_line' id='line_1_31' title="bbox 413 3417 1414 3506; baseline 0.004 -25"><span class='ocrx_word' id='word_1_137' title='bbox 413 3417 562 3482; x_wconf 87' lang='lat' dir='ltr'>Sive</span> <span class='ocrx_word' id='word_1_138' title='bbox 604 3419 902 3484; x_wconf 86' lang='lat' dir='ltr'>iactatam</span> <span class='ocrx_word' id='word_1_139' title='bbox 943 3421 1245 3506; x_wconf 84' lang='lat' dir='ltr'>religarat</span> <span class='ocrx_word' id='word_1_140' title='bbox 1287 3421 1414 3486; x_wconf 91' lang='lat' dir='ltr'>udo</span> 
     </span>
     <span class='ocr_line' id='line_1_32' title="bbox 508 3500 1008 3589; baseline 0.01 -25"><span class='ocrx_word' id='word_1_141' title='bbox 508 3500 721 3568; x_wconf 87' lang='lat' dir='ltr'>Litore</span> <span class='ocrx_word' id='word_1_142' title='bbox 762 3504 1008 3589; x_wconf 89' lang='lat' dir='ltr'>navim,</span> 
     </span>
    </p>
   </div>
  </div>
 </body>
</html>
