2588 4046
198 263 314 335 π]
1012 261 1228 317 mesa
1267 262 1314 320 1.
2004 257 2123 322 143

197 425 320 491 Sed
362 425 650 522 fulgente
691 423 892 489 trahit
931 423 1312 489 constrictos
1355 424 1563 510 gloria
1606 445 1792 489 curru

193 510 257 576 Ν
259 530 346 573 on
389 531 601 574 minus
644 509 903 593 ignotos
945 508 1294 594 generosis,
1385 508 1523 584 Quo
1569 507 1717 592 tibi,
1761 507 1941 592 Tuli,

195 594 456 660 Sumere
501 593 861 677 depositum
904 593 1152 658 clavum
1195 592 1454 676 fierique
1496 592 1752 657 tribuno
1766 592 1800 656 ’ἓ
2056 603 2121 654 25

194 678 447 746 Invidia
488 677 770 742 adcrevit
773 725 798 775 2
842 677 1091 761 privato
1135 697 1299 760 quae
1341 677 1552 741 minor
1594 681 1779 741 esset.

191 763 363 829 Nam
385 762 745 846 utquisque
767 781 1030 825 msanus
1051 761 1254 846 nigris
1275 760 1555 826 medium
1578 760 1868 845 impediit
1885 782 2026 826 crus

191 846 479 913 Pellibus
525 849 590 910 et
631 846 833 909 latum
876 844 1133 909 demisit
1173 846 1432 928 pectore
1476 845 1754 928 clavum,

191 930 396 996 Audit
417 929 720 995 continuo
746 929 909 1012 ‘quis
931 929 1123 993 homo
1146 929 1251 994 hic
1273 932 1386 993 aut
1406 950 1529 1012 quo
1548 931 1728 1014 patre
1748 931 1938 993 natus
1949 929 2008 993 *Ρ

194 1015 286 1080 Vt
330 1014 499 1098 siqui
543 1016 834 1099 aegrotet
875 1033 1000 1097 quo
1046 1014 1269 1078 morbo
1315 1012 1586 1097 Barrus,
1628 1013 1851 1077 haberi
2059 1025 2126 1075 30

190 1099 284 1164 Vt
326 1099 541 1183 cupiat
582 1098 930 1182 formosus,
977 1101 1081 1163 eat
1123 1118 1548 1194 quacumque,
1591 1097 1821 1196 puellis

190 1183 429 1249 Iniciat
469 1203 685 1248 curam
728 1181 1071 1267 quaerendi
1111 1183 1396 1268 singula,
1441 1182 1615 1266 quali

193 1267 295 1334 Sit
337 1267 503 1332 facie
512 1315 532 1350 ,
578 1288 754 1349 sura,
799 1267 971 1351 quali
1012 1266 1173 1351 pede
1186 1315 1205 1351 ‚
1252 1267 1471 1364 dente)
1517 1266 1781 1351 capillo:

194 1352 300 1418 Sic
347 1352 458 1435 qui
499 1351 846 1435 promittit,
893 1351 1091 1434 cives,
1136 1351 1362 1415 urbem
1405 1351 1527 1415 s1bi
1572 1372 1790 1434 curae,

193 1436 542 1520 Imperium
584 1435 724 1501 fore
767 1438 833 1500 et
874 1434 1126 1499 Italiam
1170 1438 1234 1500 et
1275 1433 1540 1500 delubra
1582 1436 1874 1518 deorum,
2060 1447 2125 1497 35

195 1521 336 1597 Quo
367 1523 550 1604 patre
579 1519 666 1584 sit
692 1522 901 1602 natus,
933 1541 1090 1583 num
1117 1519 1344 1604 ignota
1371 1521 1574 1584 matre
1603 1519 1999 1603 inhonestus,

198 1605 438 1671 Omnes
481 1604 784 1670 mortales
829 1624 1048 1669 curare
1092 1607 1156 1669 et
1198 1625 1500 1687 quaerere
1543 1604 1736 1689 cogit.

196 1688 430 1772 ‘Tune,
477 1687 521 1753 S
603 1688 651 1772 ‘‚
695 1687 939 1752 Damae
1013 1690 1124 1753 aut
1166 1687 1439 1772 Dionysi
1481 1688 1679 1771 filius,
1722 1688 1915 1752 audes

195 1773 464 1838 Deicere
551 1793 586 1836 e
630 1793 783 1837 saxo
829 1772 998 1837 cives
1041 1775 1151 1837 aut
1192 1773 1442 1837 tradere
1487 1771 1796 1838 Cadmo?

197 1858 311 1921 ‘At
351 1855 598 1922 Novius
644 1856 893 1941 collega
933 1856 1137 1942 gradu
1179 1860 1331 1941 post
1370 1878 1474 1922 me
1516 1856 1694 1922 sedet
1735 1876 1894 1920 uno:
2062 1868 2126 1918 40

199 1941 255 2006 N
261 1943 555 2025 amquest
596 1940 734 2025 ille,
777 1943 960 2026 pater
1002 1941 1173 2026 quod
1203 1943 1340 2006 erat
1380 1948 1605 2090 tripusil’
1674 1939 1840 2005 ‘Hoc
1881 1939 2000 2003 tibi

1469 2048 1550 2091 au
1599 2047 1675 2090 us

199 2111 284 2177 Et
325 2109 632 2175 Messalla
672 2110 951 2175 videris?
1023 2093 1114 2176 At
1154 2111 1260 2176 hic
1271 2159 1290 2195 ‚
1337 2111 1392 2175 si
1434 2112 1678 2195 plostra
1720 2109 1995 2175 ducenta

203 2196 576 2261 Concurran
647 2216 727 2259 ue
770 2194 912 2259 foro
954 2196 1082 2259 tria
1123 2194 1350 2259 funera
1424 2216 1662 2280 magna
1705 2194 1961 2259 sonabit

202 2278 458 2345 Cornua
518 2299 601 2344 uo
670 2278 1010 2363 vincatque
1030 2279 1247 2344 tubas:
1276 2243 1505 2344 saltem
1526 2282 1703 2343 tenet
1723 2278 1846 2343 hoc
1863 2283 2027 2343 nos?

202 2363 391 2430 Nunc
559 2385 662 2427 me
704 2363 894 2427 redeo
938 2364 1237 2428 libertino
1280 2366 1462 2447 patre
1504 2366 1727 2427 natum
1737 2412 1757 2445 ‚
2062 2372 2128 2424 45

205 2448 405 2524 Quem
446 2447 682 2511 rodunt
725 2468 946 2512 omnes
989 2448 1286 2512 libertino
1331 2450 1513 2532 patre
1554 2450 1808 2530 natum,

202 2532 262 2597 N
265 2553 393 2597 unc
402 2581 422 2616 ,
446 2532 596 2615 quia
617 2553 758 2597 sum
779 2532 928 2616 tibi,
958 2531 1327 2615 Maecenas,
1351 2533 1707 2614 convictor,
1740 2534 1809 2593 at
1828 2530 2002 2613 olim,

206 2616 387 2692 Quod
428 2616 588 2680 mihi
630 2620 884 2701 pareret
925 2616 1094 2702 legio
1137 2614 1431 2681 Romana
1472 2616 1751 2680 tribuno.

204 2699 530 2765 Dissimile
571 2699 696 2766 hoc
735 2700 921 2785 illist,
967 2701 1116 2799 quia
1141 2722 1308 2785 non,
1353 2703 1426 2765 ut
1466 2700 1653 2764 forsit
1693 2698 2003 2763 honorem

206 2784 346 2849 Iure
375 2784 534 2849 mihi
573 2785 856 2849 invideat
897 2785 1133 2869 quivis,
1178 2785 1270 2849 ita
1312 2788 1376 2849 te
1420 2804 1669 2868 quoque
1699 2782 1973 2847 amicum
1985 2828 2005 2866 ,
2063 2793 2132 2844 50

211 2868 588 2934 Praesertim
633 2873 886 2935 cautum
929 2870 1159 2954 dignos
1197 2869 1555 2953 adsumere,
1600 2889 1795 2952 prava

205 2954 574 3018 Ambitione
616 2953 858 3037 procul.
945 2953 1221 3018 Felicem
1265 2954 1473 3018 dicere
1514 2973 1648 3017 non
1691 2952 1814 3017 hoc

203 3037 306 3102 Me
438 3037 590 3102 ssim
668 3058 819 3103 casu
862 3037 1032 3122 quod
1073 3040 1138 3102 te
1183 3038 1446 3103 sortitus
1490 3038 1794 3102 amicum:

204 3057 680 3187 Naffetenim
722 3120 881 3187 mihi
923 3125 988 3187 te
1031 3122 1165 3186 fors
1208 3122 1467 3207 obtant3
1516 3122 1794 3206 optimus
1840 3121 1992 3186 olim

204 3204 553 3291 Vergilius,
597 3209 747 3290 post
788 3206 959 3271 hunc
1000 3205 1234 3271 Varius
1278 3206 1492 3270 dixere
1536 3206 1688 3289 quid
1732 3226 1957 3270 essem.
2066 3215 2132 3265 5⁵

204 3288 293 3354 Vt
332 3290 481 3355 veni
525 3310 770 3374 coram,
817 3291 1149 3376 singultim
1191 3311 1398 3388 pauca
1447 3291 1726 3373 locutus,

205 3372 426 3439 Infans
469 3395 745 3458 namque
786 3374 994 3459 pudor
1034 3374 1418 3459 prohlbebat
1458 3374 1644 3459 plura
1695 3372 1963 3458 profari,

206 3457 351 3524 Non
383 3479 502 3544 ego
549 3480 652 3523 me
696 3460 868 3524 claro
912 3460 1136 3523 natum
1179 3461 1392 3544 patre,
1437 3480 1572 3524 non
1616 3478 1736 3543 ego
1768 3457 2006 3522 circum

207 3540 312 3607 Me
347 3542 725 3609 Satureiano
770 3544 1006 3609 vectari
1049 3564 1199 3608 rura
1244 3542 1522 3626 caballo,
2106 3540 2127 3551 “
