2588 4046
450 225 534 289 36

420 856 517 907 ‘10

452 1312 513 1362 15

448 1766 516 1817 20

452 3345 517 3395 10

1220 229 1617 286 CARMINVM

755 391 954 457 Tibur
996 393 1211 478 Argeo
1253 394 1537 476 positum
1580 394 1810 458 colono

754 477 853 542 Sit
892 499 1070 542 meae
1113 476 1294 542 sedes
1338 477 1585 541 utinam
1628 479 1948 561 senectae,

754 559 854 625 Sit
893 561 1119 625 modus
1167 562 1336 626 lasso
1381 561 1574 626 maris
1619 564 1684 625 et
1723 562 1968 627 viarum

853 644 1265 729 Militiaeque.

751 762 937 827 Vnde
981 763 1036 827 si
1077 762 1314 828 Parcae
1356 761 1699 846 prohibent
1741 763 2025 846 iniquae,

751 846 955 911 Dulce
999 847 1236 931 pellitis
1281 847 1504 911 ovibus
1550 846 1803 911 Galaesi

752 930 1022 995 Flumen
1064 933 1130 995 et
1170 933 1440 1016 regnata
1480 934 1695 1016 petam
1737 931 1976 996 Laconi

855 1015 1029 1080 Rura
1070 1014 1450 1080 Phalantho·
1737 1016 1762 1037 ⁸

751 1132 871 1197 nle
913 1135 1225 1197 terrarum
1266 1132 1428 1197 mihi
1469 1135 1720 1217 praeter
1763 1153 1984 1197 omnes

752 1217 860 1280 An
972 1239 1047 1281 us
1089 1218 1284 1301 ridet,
1329 1217 1441 1281 ubi
1482 1237 1616 1281 non
1657 1216 1964 1299 Hymetto

749 1299 856 1365 Me
907 1322 945 1365 a
988 1301 1302 1366 decedunt
1342 1300 1650 1384 viridique
1694 1303 1895 1365 certat

851 1384 1023 1450 Baca
1065 1384 1377 1470 Venafr03
1429 1468 1435 1473 ⁶

752 1502 883 1567 Ver
923 1502 1034 1568 ubi
1076 1503 1344 1588 longum
1383 1502 1756 1587 tepidasque
1797 1502 2061 1588 praebet

751 1586 1037 1670 Iuppiter
1079 1586 1361 1669 brumae,
1408 1589 1474 1651 et
1515 1586 1781 1651 amictus
1825 1587 2042 1651 Aulon

751 1669 976 1735 Fertili
1017 1670 1272 1735 Baccho
1319 1669 1655 1736 minimum
1696 1669 1984 1735 Falernis

856 1754 1111 1820 Invidet
1149 1755 1310 1820 uvis.

752 1872 872 1936 Ille
913 1875 978 1936 te
1021 1893 1269 1937 mecum
1311 1870 1488 1936 locus
1533 1874 1599 1936 et
1640 1871 1861 1936 beatae

751 1957 1087 2021 Postulant
1127 1977 1334 2043 arces3
1380 1955 1471 2020 ibi
1514 1958 1587 2021 tu
1630 1956 1941 2020 calentem

752 2041 986 2105 Debita
1028 2062 1289 2138 sparges
1334 2040 1595 2105 lacrima
1636 2040 1918 2106 favillam

851 2123 1035 2190 Vatis
1081 2125 1286 2191 amici.

1324 2379 1487 2454 VH.

751 2512 808 2578 Ο
852 2532 1038 2605 saepe
1080 2532 1331 2577 mecum
1372 2514 1621 2608 tempus
1666 2512 1735 2575 in
1776 2512 2072 2576 ultimum

752 2595 1039 2661 Deducte
1082 2594 1284 2660 Bruto
1329 2594 1596 2659 militiae
1640 2594 1829 2679 duce,

854 2680 1008 2756 Quis
1050 2681 1116 2743 te
1158 2679 1493 2743 redonavit
1536 2678 1850 2754 Quiritem

980 2762 1099 2827 Dis
1141 2763 1366 2847 patriis
1409 2762 1698 2846 Italoque
1743 2762 1947 2844 caele,

742 2880 1027 2964 Pompei,
1050 2900 1336 2944 meorum
1378 2879 1581 2963 prime
1626 2880 1967 2962 sodalium,

753 2963 916 3029 Cum
960 2985 1084 3047 quo
1128 2966 1483 3028 morantem
1515 2985 1701 3047 saepe
1746 2963 1912 3028 diem
1941 2983 2114 3028 mero

851 3047 972 3112 Fre
1025 3048 1039 3061 ’
1053 3096 1072 3130 ,
1118 3050 1459 3112 coronatus
1501 3049 1779 3112 nitentes

973 3069 1382 3196 ffialobathro
1428 3129 1613 3215 Syrio
1657 3131 1965 3215 capillos?

753 3248 988 3313 Tecum
1031 3247 1365 3333 Philippos
1411 3252 1477 3313 et
1519 3249 1789 3314 celerem
1834 3248 2052 3333 fugam

748 3330 933 3397 Sensi
974 3333 1201 3397 relicta
1238 3354 1373 3397 non
1416 3333 1578 3398 bene
1620 3333 1937 3417 parmula,

855 3415 1018 3483 Cum
1059 3416 1262 3481 fracta
1305 3417 1507 3481 virtus
1551 3419 1617 3482 et
1656 3417 1937 3482 minaces

983 3499 1194 3585 Turpe
1237 3501 1445 3567 solum
1486 3502 1753 3588 tetigere
1796 3503 2032 3566 mento.

2265 233 2384 306 [vx.
