2588 4046
194 252 271 326 L]

1006 255 1363 313 mmmm.

467 415 945 481 Desiderantem
955 466 974 500 ,
1020 418 1189 500 quod
1233 418 1389 481 satis
1435 420 1561 500 est,
1604 438 1812 501 neque

469 499 953 565 Tumultuosum
996 500 1301 566 sollicitat
1341 522 1513 565 mare
1526 550 1545 584 ,

570 584 634 650 N
637 606 708 649 eo
754 606 975 650 saevus
1017 585 1278 649 Arcturi
1322 585 1605 650 cadentis

673 668 960 753 Impetus
1003 672 1115 733 aut
1156 670 1422 734 orientis
1465 669 1703 751 Haedi,

464 785 617 851 Non
658 786 1023 851 verberatae
1146 786 1378 850 andine
1422 787 1645 850 vineae

463 869 848 953 Fundusque
890 891 1040 934 men
1174 918 1193 952 ,
1237 870 1463 934 arbore
1503 892 1675 937 nune
1720 892 1915 956 aquas

573 952 693 1020 cul
741 956 889 1018 ante
900 1003 919 1037 ,
961 975 1136 1018 nuno
1178 954 1492 1019 torrentia
1536 975 1723 1040 agros

724 1038 928 1121 idere,
971 1058 1144 1102 nuno
1193 1036 1436 1101 hiemes
1479 1038 1747 1122 iniquas.

462 1155 812 1221 Contracta
897 1156 1057 1220 isoes
1101 1175 1376 1252 aequora
1418 1156 1705 1220 sentiunt

461 1238 657 1303 Iactis
701 1240 772 1302 in
875 1242 1014 1303 tum
1055 1239 1364 1303 mohbus:
1407 1239 1532 1303 huo
1574 1239 1871 1323 frequens

574 1321 918 1389 Caementa
960 1322 1238 1388 demittit
1277 1322 1641 1407 redemptor

680 1406 843 1472 Cum
884 1407 1139 1471 famulis
1184 1406 1604 1490 dominusque
1645 1410 1850 1473 terrae

461 1524 877 1590 Fastidiosus.
963 1522 1089 1588 Sed
1131 1523 1350 1588 Timor
1393 1526 1459 1588 et
1499 1524 1716 1590 Minae

463 1608 796 1674 Soandunt
838 1608 1089 1691 eodem,
1135 1628 1260 1691 quo
1306 1608 1631 1693 dominus,
1674 1630 1881 1692 neque

573 1691 843 1757 Decedit
883 1694 1096 1757 aerata
1144 1691 1391 1756 triremi
1434 1696 1500 1758 et

679 1775 836 1841 Post
879 1777 1156 1860 equitem
1200 1775 1379 1859 sedet
1421 1779 1559 1840 atra
1602 1776 1787 1843 Oura.

467 1893 711 1969 Quodsi
756 1892 1078 1958 dolentem
1119 1914 1239 1958 neo
1281 1892 1598 1978 Phrygius
1643 1894 1805 1978 lapis

465 1978 607 2044 Neo
648 1999 1069 2063 purpurarum
1111 1976 1317 2042 sidere
1362 1977 1590 2043 clarior

575 2061 835 2128 Delenit
874 2084 1026 2127 usus
1065 2083 1186 2126 neo
1228 2061 1501 2126 Falerna

679 2145 850 2210 Vitis
892 2146 1517 2229 Achaemeniumque
1561 2149 1837 2212 costum:

469 2263 602 2330 Cur
641 2263 998 2328 invidendis
1040 2264 1332 2348 postibus
1378 2266 1442 2327 et
1480 2284 1649 2329 novo

470 2347 753 2415 Sublime
794 2348 922 2412 ritu
963 2348 1190 2412 moliar
1232 2346 1508 2412 atrium?

578 2431 708 2498 Cur
748 2432 915 2496 valle
960 2436 1319 2517 permutem
1363 2429 1600 2496 Sabina

681 2514 953 2580 Divitias
997 2514 1438 2601 operosiores?

1137 2770 1231 2846 H.

466 2904 832 2987 Angustam
876 2902 1094 2999 amice
1119 2902 1483 2998 pauperiem
1527 2903 1661 2986 pati

464 2986 791 3052 Robustus
836 2986 967 3050 aori
1007 2986 1239 3049 mihtia
1278 3007 1438 3070 puer

576 3069 923 3135 Condiseat
965 3073 1029 3134 et
1071 3068 1344 3133 Parthos
1387 3070 1630 3134 feroces

677 3153 885 3220 Vexet
927 3174 1118 3237 eques
1160 3152 1537 3218 metuendus
1580 3152 1795 3237 hasta,

463 3271 809 3355 vitamque
854 3272 970 3337 sub
1017 3271 1162 3335 divo
1207 3274 1272 3336 et
1314 3271 1578 3355 trepidis
1623 3274 1777 3355 agat

464 3355 544 3420 In
588 3355 796 3420 rebus.
883 3355 1076 3419 Illum
1120 3377 1196 3420 ex
1237 3356 1572 3420 moenibus
1614 3353 1880 3419 hosticis

573 3438 871 3503 Matrona
913 3439 1211 3504 bellantis
1496 3440 1508 3452 ⁶

674 3522 1076 3608 Prospiciens
1122 3527 1187 3588 et
1309 3523 1444 3587 ulta
1485 3523 1667 3607 virgo

1779 3623 1849 3674 42

2069 250 2142 315 51

2088 431 2152 480 25

2086 885 2154 935 30

2088 1336 2153 1386 35
