<?xml version="1.0" encoding="UTF-8"?>
<!DOCTYPE html PUBLIC "-//W3C//DTD XHTML 1.0 Transitional//EN"
    "http://www.w3.org/TR/xhtml1/DTD/xhtml1-transitional.dtd">
<html xmlns="http://www.w3.org/1999/xhtml" xml:lang="en" lang="en">
 <head>
  <title>
</title>
<meta http-equiv="Content-Type" content="text/html;charset=utf-8" />
  <meta name='ocr-system' content='tesseract 3.04.00' />
  <meta name='ocr-capabilities' content='ocr_page ocr_carea ocr_par ocr_line ocrx_word'/>
</head>
<body>
  <div class='ocr_page' id='page_1' title='image "./qvaleriicatulli03catugoog_0430.png"; bbox 0 0 2588 4046; ppageno 0'>
   <div class='ocr_carea' id='block_1_1' title="bbox 464 263 2373 338">
    <p class='ocr_par' dir='ltr' id='par_1_1' title="bbox 464 263 2373 338">
     <span class='ocr_line' id='line_1_1' title="bbox 464 263 2373 338; baseline -0.007 -7"><span class='ocrx_word' id='word_1_1' title='bbox 464 264 592 331; x_wconf 82' lang='lat'><strong>200</strong></span> <span class='ocrx_word' id='word_1_2' title='bbox 1161 266 1676 325; x_wconf 68' lang='lat' dir='ltr'><strong>Emsmfflvu</strong></span> <span class='ocrx_word' id='word_1_3' title='bbox 2283 263 2373 338; x_wconf 80' lang='lat' dir='ltr'><strong>[x.</strong></span> 
     </span>
    </p>
   </div>
   <div class='ocr_carea' id='block_1_2' title="bbox 462 429 2374 1104">
    <p class='ocr_par' dir='ltr' id='par_1_2' title="bbox 588 429 2275 597">
     <span class='ocr_line' id='line_1_2' title="bbox 591 429 2275 517; baseline -0.004 -19"><span class='ocrx_word' id='word_1_4' title='bbox 591 433 661 499; x_wconf 83' lang='lat' dir='ltr'><strong>Si</strong></span> <span class='ocrx_word' id='word_1_5' title='bbox 701 432 862 517; x_wconf 90' lang='lat' dir='ltr'><strong>pede</strong></span> <span class='ocrx_word' id='word_1_6' title='bbox 903 431 1109 496; x_wconf 88' lang='lat' dir='ltr'><strong>maior</strong></span> <span class='ocrx_word' id='word_1_7' title='bbox 1147 431 1273 496; x_wconf 66' lang='lat' dir='ltr'><strong>‘erit</strong></span> <span class='ocrx_word' id='word_1_8' title='bbox 1282 479 1302 514; x_wconf 90' lang='lat'><em>,</em></span> <span class='ocrx_word' id='word_1_9' title='bbox 1347 430 1698 512; x_wconf 85' lang='lat' dir='ltr'><strong>subvertet,</strong></span> <span class='ocrx_word' id='word_1_10' title='bbox 1743 429 1799 494; x_wconf 88' lang='lat' dir='ltr'><strong>si</strong></span> <span class='ocrx_word' id='word_1_11' title='bbox 1824 429 2078 513; x_wconf 87' lang='lat' dir='ltr'><strong>minor,</strong></span> <span class='ocrx_word' id='word_1_12' title='bbox 2120 429 2275 493; x_wconf 86' lang='lat' dir='ltr'><strong>uret.</strong></span> 
     </span>
     <span class='ocr_line' id='line_1_3' title="bbox 588 513 2105 597; baseline -0.003 -16"><span class='ocrx_word' id='word_1_13' title='bbox 588 517 820 581; x_wconf 88' lang='lat' dir='ltr'><strong>Laetus</strong></span> <span class='ocrx_word' id='word_1_14' title='bbox 866 519 1036 580; x_wconf 87' lang='lat' dir='ltr'><strong>sorte</strong></span> <span class='ocrx_word' id='word_1_15' title='bbox 1075 518 1188 579; x_wconf 86' lang='lat' dir='ltr'><strong>tua</strong></span> <span class='ocrx_word' id='word_1_16' title='bbox 1227 515 1402 579; x_wconf 88' lang='lat' dir='ltr'><strong>vives</strong></span> <span class='ocrx_word' id='word_1_17' title='bbox 1445 514 1791 597; x_wconf 76' lang='lat' dir='ltr'><strong>sapienter,</strong></span> <span class='ocrx_word' id='word_1_18' title='bbox 1835 513 2066 596; x_wconf 85' lang='lat' dir='ltr'><strong>Aristi,</strong></span> <span class='ocrx_word' id='word_1_19' title='bbox 2098 555 2105 560; x_wconf 79' lang='lat'><em>,</em></span> 
     </span>
    </p>

    <p class='ocr_par' dir='ltr' id='par_1_3' title="bbox 463 596 2374 1031">
     <span class='ocr_line' id='line_1_4' title="bbox 463 596 2083 683; baseline -0.002 -19"><span class='ocrx_word' id='word_1_20' title='bbox 463 613 528 664; x_wconf 68' lang='grc'><strong>45</strong></span> <span class='ocrx_word' id='word_1_21' title='bbox 586 601 652 667; x_wconf 85' lang='lat' dir='ltr'>N</span> <span class='ocrx_word' id='word_1_22' title='bbox 654 620 725 666; x_wconf 87' lang='lat' dir='ltr'><strong>ec</strong></span> <span class='ocrx_word' id='word_1_23' title='bbox 752 622 854 664; x_wconf 90' lang='lat' dir='ltr'><strong>me</strong></span> <span class='ocrx_word' id='word_1_24' title='bbox 899 599 1180 663; x_wconf 77' lang='lat' dir='ltr'><strong>dimittes</strong></span> <span class='ocrx_word' id='word_1_25' title='bbox 1222 598 1672 683; x_wconf 85' lang='lat' dir='ltr'><strong>incastigatum</strong></span> <span class='ocrx_word' id='word_1_26' title='bbox 1681 645 1700 680; x_wconf 90' lang='lat'><em>,</em></span> <span class='ocrx_word' id='word_1_27' title='bbox 1745 596 1858 661; x_wconf 93' lang='lat' dir='ltr'><strong>ubi</strong></span> <span class='ocrx_word' id='word_1_28' title='bbox 1896 597 2083 681; x_wconf 87' lang='lat' dir='ltr'><strong>plura</strong></span> 
     </span>
     <span class='ocr_line' id='line_1_5' title="bbox 590 678 2374 769; baseline -0.003 -20"><span class='ocrx_word' id='word_1_29' title='bbox 590 684 863 769; x_wconf 80' lang='lat' dir='ltr'><strong>Cogere,</strong></span> <span class='ocrx_word' id='word_1_30' title='bbox 912 703 1100 767; x_wconf 89' lang='lat' dir='ltr'><strong>quam</strong></span> <span class='ocrx_word' id='word_1_31' title='bbox 1144 683 1299 747; x_wconf 86' lang='lat' dir='ltr'><strong>satis</strong></span> <span class='ocrx_word' id='word_1_32' title='bbox 1344 685 1468 765; x_wconf 88' lang='lat' dir='ltr'><strong>est,</strong></span> <span class='ocrx_word' id='word_1_33' title='bbox 1525 701 1598 746; x_wconf 91' lang='lat' dir='ltr'><strong>ac</strong></span> <span class='ocrx_word' id='word_1_34' title='bbox 1639 697 1773 745; x_wconf 90' lang='lat' dir='ltr'><strong>non</strong></span> <span class='ocrx_word' id='word_1_35' title='bbox 1815 699 2061 762; x_wconf 85' lang='lat' dir='ltr'><strong>cessare</strong></span> <span class='ocrx_word' id='word_1_36' title='bbox 2094 678 2374 744; x_wconf 75' lang='lat' dir='ltr'><strong>videbor.</strong></span> 
     </span>
     <span class='ocr_line' id='line_1_6' title="bbox 587 764 2174 852; baseline -0.003 -19"><span class='ocrx_word' id='word_1_37' title='bbox 587 768 868 852; x_wconf 76' lang='lat' dir='ltr'><strong>Imperat</strong></span> <span class='ocrx_word' id='word_1_38' title='bbox 909 771 1021 831; x_wconf 89' lang='lat' dir='ltr'><strong>aut</strong></span> <span class='ocrx_word' id='word_1_39' title='bbox 1062 767 1259 831; x_wconf 86' lang='lat' dir='ltr'><strong>servit</strong></span> <span class='ocrx_word' id='word_1_40' title='bbox 1301 765 1571 830; x_wconf 87' lang='lat' dir='ltr'><strong>collecta</strong></span> <span class='ocrx_word' id='word_1_41' title='bbox 1608 765 1877 849; x_wconf 82' lang='lat' dir='ltr'><strong>pecunia</strong></span> <span class='ocrx_word' id='word_1_42' title='bbox 1920 764 2174 848; x_wconf 87' lang='lat' dir='ltr'><strong>cuique,</strong></span> 
     </span>
     <span class='ocr_line' id='line_1_7' title="bbox 588 847 2337 936; baseline -0.003 -20"><span class='ocrx_word' id='word_1_43' title='bbox 588 852 854 916; x_wconf 77' lang='lat' dir='ltr'><strong>&#39;Portum</strong></span> <span class='ocrx_word' id='word_1_44' title='bbox 897 850 963 915; x_wconf 91' lang='lat' dir='ltr'><strong>di</strong></span> <span class='ocrx_word' id='word_1_45' title='bbox 1057 871 1096 915; x_wconf 88' lang='lat' dir='ltr'><strong>a</strong></span> <span class='ocrx_word' id='word_1_46' title='bbox 1124 850 1305 934; x_wconf 89' lang='lat' dir='ltr'><strong>sequi</strong></span> <span class='ocrx_word' id='word_1_47' title='bbox 1346 849 1559 936; x_wconf 84' lang='lat' dir='ltr'><strong>potius</strong></span> <span class='ocrx_word' id='word_1_48' title='bbox 1600 869 1790 933; x_wconf 89' lang='lat' dir='ltr'><strong>quam</strong></span> <span class='ocrx_word' id='word_1_49' title='bbox 1834 848 2063 912; x_wconf 84' lang='lat' dir='ltr'><strong>ducere</strong></span> <span class='ocrx_word' id='word_1_50' title='bbox 2101 847 2337 932; x_wconf 81' lang='lat' dir='ltr'><strong>funem.</strong></span> 
     </span>
     <span class='ocr_line' id='line_1_8' title="bbox 588 931 2330 1031; baseline -0.003 -32"><span class='ocrx_word' id='word_1_51' title='bbox 588 934 764 1001; x_wconf 89' lang='lat' dir='ltr'><strong>Haec</strong></span> <span class='ocrx_word' id='word_1_52' title='bbox 806 935 926 998; x_wconf 87' lang='lat' dir='ltr'><strong>tibi</strong></span> <span class='ocrx_word' id='word_1_53' title='bbox 1019 935 1288 999; x_wconf 84' lang='lat' dir='ltr'><strong>&#39;ctabam</strong></span> <span class='ocrx_word' id='word_1_54' title='bbox 1330 935 1481 1031; x_wconf 89' lang='lat' dir='ltr'><strong>post</strong></span> <span class='ocrx_word' id='word_1_55' title='bbox 1516 933 1742 997; x_wconf 81' lang='lat' dir='ltr'><strong>fanum</strong></span> <span class='ocrx_word' id='word_1_56' title='bbox 1764 935 1970 1016; x_wconf 44' lang='lat' dir='ltr'><strong>*putre</strong></span> <span class='ocrx_word' id='word_1_57' title='bbox 2010 931 2330 1014; x_wconf 84' lang='lat' dir='ltr'><strong>Vacunae,</strong></span> 
     </span>
    </p>

    <p class='ocr_par' dir='ltr' id='par_1_4' title="bbox 462 1016 2265 1104">
     <span class='ocr_line' id='line_1_9' title="bbox 462 1016 2265 1104; baseline -0.003 -20"><span class='ocrx_word' id='word_1_58' title='bbox 462 1032 531 1083; x_wconf 75' lang='lat'><strong>⁶0</strong></span> <span class='ocrx_word' id='word_1_59' title='bbox 589 1019 874 1104; x_wconf 80' lang='lat' dir='ltr'><strong>Excepto</strong></span> <span class='ocrx_word' id='word_1_60' title='bbox 920 1017 1089 1102; x_wconf 88' lang='lat' dir='ltr'><strong>quod</strong></span> <span class='ocrx_word' id='word_1_61' title='bbox 1131 1039 1264 1083; x_wconf 91' lang='lat' dir='ltr'><strong>non</strong></span> <span class='ocrx_word' id='word_1_62' title='bbox 1309 1017 1497 1081; x_wconf 78' lang='lat' dir='ltr'><strong>simul</strong></span> <span class='ocrx_word' id='word_1_63' title='bbox 1540 1037 1740 1099; x_wconf 87' lang='lat' dir='ltr'><strong>esses,</strong></span> <span class='ocrx_word' id='word_1_64' title='bbox 1786 1019 1998 1081; x_wconf 85' lang='lat' dir='ltr'><strong>cetera</strong></span> <span class='ocrx_word' id='word_1_65' title='bbox 2038 1016 2265 1080; x_wconf 85' lang='lat' dir='ltr'><strong>laetus.</strong></span> 
     </span>
    </p>
   </div>
   <div class='ocr_carea' id='block_1_3' title="bbox 1273 1190 1577 1202">
    <p class='ocr_par' dir='ltr' id='par_1_5' title="bbox 1273 1190 1577 1202">
     <span class='ocr_line' id='line_1_10' title="bbox 1273 1190 1577 1202; baseline 0 2844"><span class='ocrx_word' id='word_1_66' title='bbox 1273 1190 1577 1202; x_wconf 95' lang='lat' dir='ltr'><strong> </strong></span> 
     </span>
    </p>
   </div>
   <div class='ocr_carea' id='block_1_4' title="bbox 591 1305 2319 1532">
    <p class='ocr_par' dir='ltr' id='par_1_6' title="bbox 591 1305 2319 1532">
     <span class='ocr_line' id='line_1_11' title="bbox 1354 1305 2317 1380; baseline -0.009 1"><span class='ocrx_word' id='word_1_67' title='bbox 1354 1305 1480 1380; x_wconf 86' lang='lat' dir='ltr'><strong>XI.</strong></span> <span class='ocrx_word' id='word_1_68' title='bbox 2312 1369 2317 1372; x_wconf 84' lang='grc'><em>,</em></span> 
     </span>
     <span class='ocr_line' id='line_1_12' title="bbox 591 1430 2319 1532; baseline -0.003 -28"><span class='ocrx_word' id='word_1_69' title='bbox 591 1438 756 1516; x_wconf 87' lang='lat' dir='ltr'><strong>Quid</strong></span> <span class='ocrx_word' id='word_1_70' title='bbox 799 1438 920 1503; x_wconf 90' lang='lat' dir='ltr'><strong>tibi</strong></span> <span class='ocrx_word' id='word_1_71' title='bbox 960 1438 1098 1502; x_wconf 89' lang='lat' dir='ltr'><strong>visa</strong></span> <span class='ocrx_word' id='word_1_72' title='bbox 1141 1436 1368 1521; x_wconf 77' lang='lat' dir='ltr'><strong>Chios,</strong></span> <span class='ocrx_word' id='word_1_73' title='bbox 1411 1436 1650 1501; x_wconf 84' lang='lat' dir='ltr'><strong>Bullati</strong></span> <span class='ocrx_word' id='word_1_74' title='bbox 1661 1484 1679 1520; x_wconf 89' lang='lat'><em>,</em></span> <span class='ocrx_word' id='word_1_75' title='bbox 1722 1437 2002 1520; x_wconf 86' lang='lat' dir='ltr'><strong>notaque</strong></span> <span class='ocrx_word' id='word_1_76' title='bbox 2044 1430 2319 1532; x_wconf 65' lang='lat' dir='ltr'><strong>Lesbos³</strong></span> 
     </span>
    </p>
   </div>
   <div class='ocr_carea' id='block_1_5' title="bbox 589 1503 2559 1620">
    <p class='ocr_par' dir='ltr' id='par_1_7' title="bbox 589 1503 2559 1620">
     <span class='ocr_line' id='line_1_13' title="bbox 589 1503 2559 1620; baseline -0.012 -30"><span class='ocrx_word' id='word_1_77' title='bbox 589 1522 757 1598; x_wconf 82' lang='lat' dir='ltr'><strong>Quid</strong></span> <span class='ocrx_word' id='word_1_78' title='bbox 801 1521 1114 1587; x_wconf 88' lang='lat' dir='ltr'><strong>concinna</strong></span> <span class='ocrx_word' id='word_1_79' title='bbox 1157 1520 1380 1586; x_wconf 88' lang='lat' dir='ltr'><strong>Samos</strong></span> <span class='ocrx_word' id='word_1_80' title='bbox 1502 1520 1612 1585; x_wconf 89' lang='lat' dir='ltr'><strong>uid</strong></span> <span class='ocrx_word' id='word_1_81' title='bbox 1656 1520 2107 1620; x_wconf 31' lang='lat' dir='ltr'><strong>Croesiqregia-</strong></span> <span class='ocrx_word' id='word_1_82' title='bbox 2139 1518 2353 1585; x_wconf 66' lang='lat' dir='ltr'><strong>Sardm</strong></span> <span class='ocrx_word' id='word_1_83' title='bbox 2470 1505 2473 1506; x_wconf 44' lang='lat'><em>⁷</em></span> <span class='ocrx_word' id='word_1_84' title='bbox 2558 1503 2559 1546; x_wconf 46' lang='grc' dir='ltr'>ἲ</span> 
     </span>
    </p>
   </div>
   <div class='ocr_carea' id='block_1_6' title="bbox 456 1565 2387 3617">
    <p class='ocr_par' dir='ltr' id='par_1_8' title="bbox 589 1565 2383 1786">
     <span class='ocr_line' id='line_1_14' title="bbox 589 1565 2381 1690; baseline -0.003 -20"><span class='ocrx_word' id='word_1_85' title='bbox 589 1605 866 1690; x_wconf 81' lang='lat' dir='ltr'>Zmyrna</span> <span class='ocrx_word' id='word_1_86' title='bbox 887 1605 1038 1690; x_wconf 88' lang='lat' dir='ltr'><strong>quid</strong></span> <span class='ocrx_word' id='word_1_87' title='bbox 1062 1608 1128 1669; x_wconf 88' lang='lat' dir='ltr'><strong>et</strong></span> <span class='ocrx_word' id='word_1_88' title='bbox 1139 1569 1479 1688; x_wconf 71' lang='lat' dir='ltr'><strong>Colophbn</strong></span> <span class='ocrx_word' id='word_1_89' title='bbox 1549 1605 1795 1669; x_wconf 89' lang='lat' dir='ltr'><strong>maiora</strong></span> <span class='ocrx_word' id='word_1_90' title='bbox 1813 1619 2152 1668; x_wconf 75' lang='lat' dir='ltr'><strong>minorans</strong></span> <span class='ocrx_word' id='word_1_91' title='bbox 2172 1565 2381 1668; x_wconf 54' lang='lat' dir='ltr'><strong>fami</strong></span> 
     </span>
     <span class='ocr_line' id='line_1_15' title="bbox 594 1687 2383 1786; baseline -0.003 -30"><span class='ocrx_word' id='word_1_92' title='bbox 594 1689 922 1756; x_wconf 83' lang='lat' dir='ltr'><strong>Cunctane</strong></span> <span class='ocrx_word' id='word_1_93' title='bbox 949 1709 1103 1786; x_wconf 81' lang='lat' dir='ltr'><strong>prae</strong></span> <span class='ocrx_word' id='word_1_94' title='bbox 1121 1688 1364 1773; x_wconf 82' lang='lat' dir='ltr'><strong>Campo</strong></span> <span class='ocrx_word' id='word_1_95' title='bbox 1395 1692 1460 1752; x_wconf 86' lang='lat' dir='ltr'><strong>et</strong></span> <span class='ocrx_word' id='word_1_96' title='bbox 1482 1687 1781 1754; x_wconf 85' lang='lat' dir='ltr'><strong>Tiberino</strong></span> <span class='ocrx_word' id='word_1_97' title='bbox 1815 1688 2079 1754; x_wconf 88' lang='lat' dir='ltr'><strong>flumine</strong></span> <span class='ocrx_word' id='word_1_98' title='bbox 2109 1687 2383 1768; x_wconf 77' lang='lat' dir='ltr'><strong>sordent,</strong></span> 
     </span>
    </p>

    <p class='ocr_par' dir='ltr' id='par_1_9' title="bbox 489 1772 2342 2192">
     <span class='ocr_line' id='line_1_16' title="bbox 489 1772 2266 1855; baseline -0.002 -17"><span class='ocrx_word' id='word_1_99' title='bbox 489 1787 524 1837; x_wconf 74' lang='grc' dir='ltr'><strong>ὅ</strong></span> <span class='ocrx_word' id='word_1_100' title='bbox 590 1774 699 1838; x_wconf 88' lang='lat' dir='ltr'><strong>An</strong></span> <span class='ocrx_word' id='word_1_101' title='bbox 739 1774 916 1838; x_wconf 85' lang='lat' dir='ltr'><strong>venit</strong></span> <span class='ocrx_word' id='word_1_102' title='bbox 957 1783 1028 1836; x_wconf 88' lang='lat' dir='ltr'><strong>m</strong></span> <span class='ocrx_word' id='word_1_103' title='bbox 1068 1775 1289 1837; x_wconf 85' lang='lat' dir='ltr'><strong>votum</strong></span> <span class='ocrx_word' id='word_1_104' title='bbox 1330 1772 1630 1836; x_wconf 75' lang='lat' dir='ltr'><strong>Attalicis</strong></span> <span class='ocrx_word' id='word_1_105' title='bbox 1675 1793 1753 1836; x_wconf 88' lang='lat' dir='ltr'><strong>ex</strong></span> <span class='ocrx_word' id='word_1_106' title='bbox 1795 1772 2057 1836; x_wconf 85' lang='lat' dir='ltr'><strong>urbibus</strong></span> <span class='ocrx_word' id='word_1_107' title='bbox 2101 1793 2266 1855; x_wconf 89' lang='lat' dir='ltr'><strong>una,</strong></span> 
     </span>
     <span class='ocr_line' id='line_1_17' title="bbox 589 1849 2327 1939; baseline -0.001 -18"><span class='ocrx_word' id='word_1_108' title='bbox 589 1857 698 1921; x_wconf 88' lang='lat' dir='ltr'><strong>An</strong></span> <span class='ocrx_word' id='word_1_109' title='bbox 739 1856 1061 1922; x_wconf 86' lang='lat' dir='ltr'><strong>Lebedum</strong></span> <span class='ocrx_word' id='word_1_110' title='bbox 1105 1856 1329 1921; x_wconf 89' lang='lat' dir='ltr'><strong>laudas</strong></span> <span class='ocrx_word' id='word_1_111' title='bbox 1373 1856 1519 1921; x_wconf 91' lang='lat' dir='ltr'><strong>odio</strong></span> <span class='ocrx_word' id='word_1_112' title='bbox 1562 1856 1758 1920; x_wconf 86' lang='lat' dir='ltr'><strong>maris</strong></span> <span class='ocrx_word' id='word_1_113' title='bbox 1800 1858 1990 1939; x_wconf 82' lang='lat' dir='ltr'><strong>atque</strong></span> <span class='ocrx_word' id='word_1_114' title='bbox 2033 1849 2327 1920; x_wconf 71' lang='lat' dir='ltr'><strong>viarum?</strong></span> 
     </span>
     <span class='ocr_line' id='line_1_18' title="bbox 591 1939 2342 2025; baseline -0.002 -19"><span class='ocrx_word' id='word_1_115' title='bbox 591 1940 752 2006; x_wconf 76' lang='lat' dir='ltr'><strong>‘Scis</strong></span> <span class='ocrx_word' id='word_1_116' title='bbox 766 1991 783 2025; x_wconf 88' lang='lat'><em>,</em></span> <span class='ocrx_word' id='word_1_117' title='bbox 830 1940 1117 2005; x_wconf 88' lang='lat' dir='ltr'><strong>Lebedus</strong></span> <span class='ocrx_word' id='word_1_118' title='bbox 1162 1939 1313 2025; x_wconf 89' lang='lat' dir='ltr'><strong>quid</strong></span> <span class='ocrx_word' id='word_1_119' title='bbox 1356 1940 1468 2004; x_wconf 88' lang='lat' dir='ltr'><strong>sit:</strong></span> <span class='ocrx_word' id='word_1_120' title='bbox 1534 1939 1755 2005; x_wconf 79' lang='lat' dir='ltr'><strong>Gabiis</strong></span> <span class='ocrx_word' id='word_1_121' title='bbox 1799 1939 2110 2004; x_wconf 74' lang='lat' dir='ltr'><strong>desertior</strong></span> <span class='ocrx_word' id='word_1_122' title='bbox 2154 1942 2342 2023; x_wconf 82' lang='lat' dir='ltr'><strong>atque</strong></span> 
     </span>
     <span class='ocr_line' id='line_1_19' title="bbox 589 2023 2097 2110; baseline -0.001 -20"><span class='ocrx_word' id='word_1_123' title='bbox 589 2025 847 2090; x_wconf 87' lang='lat' dir='ltr'><strong>Fidenis</strong></span> <span class='ocrx_word' id='word_1_124' title='bbox 888 2026 1099 2110; x_wconf 78' lang='lat' dir='ltr'><strong>vicus3</strong></span> <span class='ocrx_word' id='word_1_125' title='bbox 1142 2028 1360 2105; x_wconf 87' lang='lat' dir='ltr'><strong>tamen</strong></span> <span class='ocrx_word' id='word_1_126' title='bbox 1401 2025 1533 2090; x_wconf 91' lang='lat' dir='ltr'><strong>illic</strong></span> <span class='ocrx_word' id='word_1_127' title='bbox 1575 2026 1785 2091; x_wconf 74' lang='lat' dir='ltr'><strong>vivere</strong></span> <span class='ocrx_word' id='word_1_128' title='bbox 1825 2023 2097 2108; x_wconf 65' lang='lat' dir='ltr'><strong>vellem,‘</strong></span> 
     </span>
     <span class='ocr_line' id='line_1_20' title="bbox 591 2108 2095 2192; baseline -0.001 -19"><span class='ocrx_word' id='word_1_129' title='bbox 591 2109 966 2192; x_wconf 85' lang='lat' dir='ltr'><strong>Oblitusque</strong></span> <span class='ocrx_word' id='word_1_130' title='bbox 1007 2129 1294 2183; x_wconf 88' lang='lat' dir='ltr'><strong>meorum</strong></span> <span class='ocrx_word' id='word_1_131' title='bbox 1333 2108 1825 2191; x_wconf 28' lang='lat' dir='ltr'><strong>obliviscendus·</strong></span> <span class='ocrx_word' id='word_1_132' title='bbox 1845 2110 1911 2173; x_wconf 88' lang='lat' dir='ltr'><strong>et</strong></span> <span class='ocrx_word' id='word_1_133' title='bbox 1932 2108 2095 2191; x_wconf 27' lang='lat' dir='ltr'><strong>illis,</strong></span> 
     </span>
    </p>

    <p class='ocr_par' dir='ltr' id='par_1_10' title="bbox 466 2191 2387 2612">
     <span class='ocr_line' id='line_1_21' title="bbox 466 2191 2255 2277; baseline 0.001 -22"><span class='ocrx_word' id='word_1_134' title='bbox 466 2205 532 2255; x_wconf 84' lang='grc' dir='ltr'><strong>ιο</strong></span> <span class='ocrx_word' id='word_1_135' title='bbox 593 2192 695 2259; x_wconf 89' lang='lat' dir='ltr'><strong>Ne</strong></span> <span class='ocrx_word' id='word_1_136' title='bbox 739 2196 968 2256; x_wconf 85' lang='lat' dir='ltr'><strong>tunum</strong></span> <span class='ocrx_word' id='word_1_137' title='bbox 1009 2194 1234 2277; x_wconf 89' lang='lat' dir='ltr'><strong>procul</strong></span> <span class='ocrx_word' id='word_1_138' title='bbox 1273 2213 1309 2257; x_wconf 90' lang='lat' dir='ltr'><strong>e</strong></span> <span class='ocrx_word' id='word_1_139' title='bbox 1348 2196 1518 2271; x_wconf 80' lang='lat' dir='ltr'><strong>terra</strong></span> <span class='ocrx_word' id='word_1_140' title='bbox 1557 2196 1849 2276; x_wconf 89' lang='lat' dir='ltr'><strong>spectare-</strong></span> <span class='ocrx_word' id='word_1_141' title='bbox 1884 2191 2255 2257; x_wconf 64' lang='lat' dir='ltr'><strong>furentem?</strong></span> 
     </span>
     <span class='ocr_line' id='line_1_22' title="bbox 589 2274 2387 2373; baseline -0.001 -32"><span class='ocrx_word' id='word_1_142' title='bbox 589 2276 671 2342; x_wconf 85' lang='lat' dir='ltr'><strong>Se</strong></span> <span class='ocrx_word' id='word_1_143' title='bbox 742 2297 967 2360; x_wconf 87' lang='lat' dir='ltr'><strong>neque,</strong></span> <span class='ocrx_word' id='word_1_144' title='bbox 1004 2277 1112 2360; x_wconf 88' lang='lat' dir='ltr'><strong>qui</strong></span> <span class='ocrx_word' id='word_1_145' title='bbox 1133 2276 1355 2360; x_wconf 85' lang='lat' dir='ltr'><strong>Capua</strong></span> <span class='ocrx_word' id='word_1_146' title='bbox 1375 2276 1644 2341; x_wconf 80' lang='lat' dir='ltr'><strong>Romam</strong></span> <span class='ocrx_word' id='word_1_147' title='bbox 1683 2276 1863 2373; x_wconf 84' lang='lat' dir='ltr'><strong>petit,</strong></span> <span class='ocrx_word' id='word_1_148' title='bbox 1892 2276 2095 2357; x_wconf 83' lang='lat' dir='ltr'><strong>imbre</strong></span> <span class='ocrx_word' id='word_1_149' title='bbox 2124 2274 2387 2359; x_wconf 77' lang='lat' dir='ltr'><strong>lutoque</strong></span> 
     </span>
     <span class='ocr_line' id='line_1_23' title="bbox 588 2359 2212 2444; baseline 0.002 -21"><span class='ocrx_word' id='word_1_150' title='bbox 588 2359 949 2443; x_wconf 84' lang='lat' dir='ltr'><strong>Adspersus</strong></span> <span class='ocrx_word' id='word_1_151' title='bbox 992 2361 1166 2424; x_wconf 87' lang='lat' dir='ltr'><strong>volet</strong></span> <span class='ocrx_word' id='word_1_152' title='bbox 1206 2362 1276 2424; x_wconf 89' lang='lat' dir='ltr'><strong>in</strong></span> <span class='ocrx_word' id='word_1_153' title='bbox 1320 2372 1617 2444; x_wconf 37' lang='lat' dir='ltr'><strong>caupona„</strong></span> <span class='ocrx_word' id='word_1_154' title='bbox 1648 2374 1857 2424; x_wconf 75' lang='lat' dir='ltr'><strong>vivere</strong></span> <span class='ocrx_word' id='word_1_155' title='bbox 1871 2376 1901 2444; x_wconf 70' lang='grc' dir='ltr'><strong>ς’</strong></span> <span class='ocrx_word' id='word_1_156' title='bbox 1932 2378 2053 2425; x_wconf 86' lang='lat' dir='ltr'><strong>nec</strong></span> <span class='ocrx_word' id='word_1_157' title='bbox 2096 2361 2212 2443; x_wconf 77' lang='lat' dir='ltr'><strong>qui</strong></span> 
     </span>
     <span class='ocr_line' id='line_1_24' title="bbox 587 2443 2063 2528; baseline -0.001 -19"><span class='ocrx_word' id='word_1_158' title='bbox 587 2443 819 2528; x_wconf 83' lang='lat' dir='ltr'><strong>Frigus</strong></span> <span class='ocrx_word' id='word_1_159' title='bbox 864 2443 1153 2528; x_wconf 78' lang='lat' dir='ltr'><strong>collegit,</strong></span> <span class='ocrx_word' id='word_1_160' title='bbox 1197 2444 1421 2509; x_wconf 91' lang='lat' dir='ltr'><strong>furnos</strong></span> <span class='ocrx_word' id='word_1_161' title='bbox 1465 2446 1531 2508; x_wconf 90' lang='lat' dir='ltr'><strong>et</strong></span> <span class='ocrx_word' id='word_1_162' title='bbox 1570 2443 1801 2508; x_wconf 84' lang='lat' dir='ltr'><strong>balnea</strong></span> <span class='ocrx_word' id='word_1_163' title='bbox 1841 2443 2063 2508; x_wconf 77' lang='lat' dir='ltr'><strong>laudat</strong></span> 
     </span>
     <span class='ocr_line' id='line_1_25' title="bbox 586 2526 2043 2612; baseline -0.001 -20"><span class='ocrx_word' id='word_1_164' title='bbox 586 2526 681 2593; x_wconf 75' lang='lat' dir='ltr'><strong>Vt</strong></span> <span class='ocrx_word' id='word_1_165' title='bbox 719 2529 1110 2591; x_wconf 74' lang='lat' dir='ltr'><strong>fortunatam</strong></span> <span class='ocrx_word' id='word_1_166' title='bbox 1196 2529 1340 2603; x_wconf 85' lang='lat' dir='ltr'><strong>lene</strong></span> <span class='ocrx_word' id='word_1_167' title='bbox 1381 2528 1775 2612; x_wconf 66' lang='lat' dir='ltr'><strong>praestantia</strong></span> <span class='ocrx_word' id='word_1_168' title='bbox 1796 2529 2043 2611; x_wconf 77' lang='lat' dir='ltr'><strong>&#39;vitam5</strong></span> 
     </span>
    </p>

    <p class='ocr_par' dir='ltr' id='par_1_11' title="bbox 462 2611 2387 2863">
     <span class='ocr_line' id='line_1_26' title="bbox 462 2611 2373 2696; baseline 0.001 -21"><span class='ocrx_word' id='word_1_169' title='bbox 462 2623 527 2675; x_wconf 75' lang='lat'><strong>1⁶</strong></span> <span class='ocrx_word' id='word_1_170' title='bbox 591 2611 760 2696; x_wconf 88' lang='lat' dir='ltr'><strong>Nec,</strong></span> <span class='ocrx_word' id='word_1_171' title='bbox 808 2611 862 2674; x_wconf 92' lang='lat' dir='ltr'><strong>si</strong></span> <span class='ocrx_word' id='word_1_172' title='bbox 902 2613 967 2675; x_wconf 86' lang='lat' dir='ltr'><strong>te</strong></span> <span class='ocrx_word' id='word_1_173' title='bbox 1010 2611 1138 2675; x_wconf 88' lang='lat' dir='ltr'><strong>vali</strong></span> <span class='ocrx_word' id='word_1_174' title='bbox 1181 2626 1256 2676; x_wconf 87' lang='lat' dir='ltr'><strong>us</strong></span> <span class='ocrx_word' id='word_1_175' title='bbox 1300 2612 1907 2676; x_wconf 76' lang='lat' dir='ltr'><strong>iactaverit&#39;Auster</strong></span> <span class='ocrx_word' id='word_1_176' title='bbox 1946 2613 2018 2675; x_wconf 85' lang='lat' dir='ltr'><strong>in</strong></span> <span class='ocrx_word' id='word_1_177' title='bbox 2060 2612 2230 2695; x_wconf 86' lang='lat' dir='ltr'><strong>alto,</strong></span> <span class='ocrx_word' id='word_1_178' title='bbox 2362 2690 2373 2694; x_wconf 34' lang='grc'><em>,</em></span> 
     </span>
     <span class='ocr_line' id='line_1_27' title="bbox 587 2694 2283 2773; baseline 0 -14"><span class='ocrx_word' id='word_1_179' title='bbox 587 2694 834 2760; x_wconf 81' lang='lat' dir='ltr'><strong>Idcirco</strong></span> <span class='ocrx_word' id='word_1_180' title='bbox 876 2695 1096 2758; x_wconf 80' lang='lat' dir='ltr'><strong>navim</strong></span> <span class='ocrx_word' id='word_1_181' title='bbox 1125 2698 1326 2773; x_wconf 12' lang='lat' dir='ltr'><strong>*trans</strong></span> <span class='ocrx_word' id='word_1_182' title='bbox 1350 2697 1468 2760; x_wconf 80' lang='lat' dir='ltr'><strong>&#39;Ae</strong></span> <span class='ocrx_word' id='word_1_183' title='bbox 1516 2710 1698 2761; x_wconf 78' lang='lat' dir='ltr'><strong>a&#39;eum</strong></span> <span class='ocrx_word' id='word_1_184' title='bbox 1739 2712 1914 2760; x_wconf 88' lang='lat' dir='ltr'><strong>mare</strong></span> <span class='ocrx_word' id='word_1_185' title='bbox 1955 2696 2217 2760; x_wconf 81' lang='lat' dir='ltr'><strong>vendas.</strong></span> <span class='ocrx_word' id='word_1_186' title='bbox 2276 2714 2283 2718; x_wconf 78' lang='grc'><em>’</em></span> 
     </span>
     <span class='ocr_line' id='line_1_28' title="bbox 587 2774 2387 2863; baseline 0.001 -19"><span class='ocrx_word' id='word_1_187' title='bbox 587 2778 903 2853; x_wconf 89' lang='lat' dir='ltr'><strong>Incolumi</strong></span> <span class='ocrx_word' id='word_1_188' title='bbox 931 2779 1193 2854; x_wconf 81' lang='lat' dir='ltr'><strong>Rhodos</strong></span> <span class='ocrx_word' id='word_1_189' title='bbox 1234 2783 1302 2844; x_wconf 89' lang='lat' dir='ltr'><strong>et</strong></span> <span class='ocrx_word' id='word_1_190' title='bbox 1326 2780 1491 2863; x_wconf 69' lang='lat' dir='ltr'><strong>Mytx</strong></span> <span class='ocrx_word' id='word_1_191' title='bbox 1518 2801 1635 2847; x_wconf 90' lang='lat' dir='ltr'><strong>ene</strong></span> <span class='ocrx_word' id='word_1_192' title='bbox 1676 2779 1961 2863; x_wconf 84' lang='lat' dir='ltr'><strong>pulchra·</strong></span> <span class='ocrx_word' id='word_1_193' title='bbox 1980 2780 2170 2863; x_wconf 73' lang='lat' dir='ltr'><strong>facit,</strong></span> <span class='ocrx_word' id='word_1_194' title='bbox 2216 2774 2387 2863; x_wconf 78' lang='lat' dir='ltr'><strong>quod</strong></span> 
     </span>
    </p>

    <p class='ocr_par' dir='ltr' id='par_1_12' title="bbox 475 2862 2287 3031">
     <span class='ocr_line' id='line_1_29' title="bbox 475 2862 2287 2949; baseline 0.001 -23"><span class='ocrx_word' id='word_1_195' title='bbox 475 2942 484 2949; x_wconf 21' lang='grc' dir='ltr'>ι</span> <span class='ocrx_word' id='word_1_196' title='bbox 585 2862 868 2928; x_wconf 88' lang='lat' dir='ltr'><strong>Paenula</strong></span> <span class='ocrx_word' id='word_1_197' title='bbox 911 2863 1216 2946; x_wconf 83' lang='lat' dir='ltr'><strong>solstitio,</strong></span> <span class='ocrx_word' id='word_1_198' title='bbox 1263 2875 1403 2929; x_wconf 81' lang='lat' dir='ltr'><strong>cam</strong></span> <span class='ocrx_word' id='word_1_199' title='bbox 1450 2866 1615 2928; x_wconf 87' lang='lat' dir='ltr'><strong>estre</strong></span> <span class='ocrx_word' id='word_1_200' title='bbox 1655 2863 1991 2947; x_wconf 76' lang='lat' dir='ltr'><strong>nivalibusj</strong></span> <span class='ocrx_word' id='word_1_201' title='bbox 2019 2864 2190 2928; x_wconf 88' lang='lat' dir='ltr'><strong>auris</strong></span> <span class='ocrx_word' id='word_1_202' title='bbox 2202 2912 2222 2947; x_wconf 88' lang='lat'><em>‚</em></span> <span class='ocrx_word' id='word_1_203' title='bbox 2282 2944 2287 2948; x_wconf 73' lang='lat'>.</span> 
     </span>
     <span class='ocr_line' id='line_1_30' title="bbox 586 2946 2247 3031; baseline 0.001 -20"><span class='ocrx_word' id='word_1_204' title='bbox 586 2946 709 3011; x_wconf 91' lang='lat' dir='ltr'><strong>Per</strong></span> <span class='ocrx_word' id='word_1_205' title='bbox 750 2946 1040 3011; x_wconf 86' lang='lat' dir='ltr'><strong>brumam</strong></span> <span class='ocrx_word' id='word_1_206' title='bbox 1083 2947 1361 3031; x_wconf 80' lang='lat' dir='ltr'><strong>Tiberis,</strong></span> <span class='ocrx_word' id='word_1_207' title='bbox 1398 2970 1401 2973; x_wconf 68' lang='grc'>’</span> <span class='ocrx_word' id='word_1_208' title='bbox 1453 2948 1631 3027; x_wconf 79' lang='lat' dir='ltr'><strong>extili</strong></span> <span class='ocrx_word' id='word_1_209' title='bbox 1673 2962 1892 3031; x_wconf 71' lang='lat' dir='ltr'><strong>mense</strong></span> <span class='ocrx_word' id='word_1_210' title='bbox 1936 2948 2247 3030; x_wconf 78' lang='lat' dir='ltr'><strong>caminus,</strong></span> 
     </span>
    </p>

    <p class='ocr_par' dir='ltr' id='par_1_13' title="bbox 458 3029 2382 3368">
     <span class='ocr_line' id='line_1_31' title="bbox 458 3029 2338 3117; baseline 0.002 -24"><span class='ocrx_word' id='word_1_211' title='bbox 458 3042 527 3093; x_wconf 70' lang='lat'><strong>²0</strong></span> <span class='ocrx_word' id='word_1_212' title='bbox 587 3029 762 3094; x_wconf 90' lang='lat' dir='ltr'><strong>Dum</strong></span> <span class='ocrx_word' id='word_1_213' title='bbox 787 3029 956 3093; x_wconf 83' lang='lat' dir='ltr'><strong>&#39;licet</strong></span> <span class='ocrx_word' id='word_1_214' title='bbox 979 3051 1071 3105; x_wconf 63' lang='lat' dir='ltr'><strong>⁴ac</strong></span> <span class='ocrx_word' id='word_1_215' title='bbox 1112 3032 1361 3107; x_wconf 89' lang='lat' dir='ltr'><strong>voltum</strong></span> <span class='ocrx_word' id='word_1_216' title='bbox 1390 3034 1600 3111; x_wconf 85' lang='lat' dir='ltr'><strong>servat</strong></span> <span class='ocrx_word' id='word_1_217' title='bbox 1624 3030 1911 3111; x_wconf 76' lang='lat' dir='ltr'><strong>‘Fortuna</strong></span> <span class='ocrx_word' id='word_1_218' title='bbox 1951 3031 2338 3117; x_wconf 81' lang='lat' dir='ltr'><strong>benignum,</strong></span> 
     </span>
     <span class='ocr_line' id='line_1_32' title="bbox 585 3113 2382 3197; baseline 0.001 -18"><span class='ocrx_word' id='word_1_219' title='bbox 585 3113 830 3179; x_wconf 87' lang='lat' dir='ltr'><strong>Romae</strong></span> <span class='ocrx_word' id='word_1_220' title='bbox 857 3113 1149 3190; x_wconf 83' lang='lat' dir='ltr'><strong>laudetur</strong></span> <span class='ocrx_word' id='word_1_221' title='bbox 1171 3113 1396 3179; x_wconf 84' lang='lat' dir='ltr'><strong>Samos</strong></span> <span class='ocrx_word' id='word_1_222' title='bbox 1433 3118 1499 3179; x_wconf 87' lang='lat' dir='ltr'><strong>et</strong></span> <span class='ocrx_word' id='word_1_223' title='bbox 1522 3114 1716 3180; x_wconf 83' lang='lat' dir='ltr'><strong>Chios</strong></span> <span class='ocrx_word' id='word_1_224' title='bbox 1748 3119 1813 3179; x_wconf 78' lang='lat' dir='ltr'><strong>e&#39;t</strong></span> <span class='ocrx_word' id='word_1_225' title='bbox 1834 3115 2102 3195; x_wconf 80' lang='lat' dir='ltr'><strong>Rhodos</strong></span> <span class='ocrx_word' id='word_1_226' title='bbox 2130 3115 2382 3197; x_wconf 62' lang='lat' dir='ltr'><strong>absens.</strong></span> 
     </span>
     <span class='ocr_line' id='line_1_33' title="bbox 586 3194 2341 3282; baseline 0 -19"><span class='ocrx_word' id='word_1_227' title='bbox 586 3198 684 3263; x_wconf 75' lang='lat' dir='ltr'><strong>&#39;Pu</strong></span> <span class='ocrx_word' id='word_1_228' title='bbox 719 3207 1186 3282; x_wconf 85' lang='lat' dir='ltr'><strong>quamcumque</strong></span> <span class='ocrx_word' id='word_1_229' title='bbox 1227 3199 1384 3277; x_wconf 81' lang='lat' dir='ltr'><strong>deus</strong></span> <span class='ocrx_word' id='word_1_230' title='bbox 1424 3199 1545 3263; x_wconf 82' lang='lat' dir='ltr'><strong>tibi</strong></span> <span class='ocrx_word' id='word_1_231' title='bbox 1586 3199 2009 3279; x_wconf 75' lang='lat' dir='ltr'><strong>fortunaverit</strong></span> <span class='ocrx_word' id='word_1_232' title='bbox 2048 3194 2279 3269; x_wconf 77' lang='lat' dir='ltr'><strong>horam</strong></span> <span class='ocrx_word' id='word_1_233' title='bbox 2336 3234 2341 3239; x_wconf 35' lang='grc' dir='ltr'><em>τ</em></span> 
     </span>
     <span class='ocr_line' id='line_1_34' title="bbox 586 3281 2315 3368; baseline 0 -21"><span class='ocrx_word' id='word_1_234' title='bbox 586 3281 785 3347; x_wconf 79' lang='lat' dir='ltr'><strong>Grata</strong></span> <span class='ocrx_word' id='word_1_235' title='bbox 826 3300 1004 3346; x_wconf 85' lang='lat' dir='ltr'><strong>sume</strong></span> <span class='ocrx_word' id='word_1_236' title='bbox 1045 3294 1240 3359; x_wconf 78' lang='lat' dir='ltr'><strong>manu</strong></span> <span class='ocrx_word' id='word_1_237' title='bbox 1280 3304 1410 3349; x_wconf 83' lang='lat' dir='ltr'><strong>neu</strong></span> <span class='ocrx_word' id='word_1_238' title='bbox 1453 3283 1661 3348; x_wconf 84' lang='lat' dir='ltr'><strong>dulcia</strong></span> <span class='ocrx_word' id='word_1_239' title='bbox 1704 3283 1885 3365; x_wconf 75' lang='lat' dir='ltr'><strong>differ</strong></span> <span class='ocrx_word' id='word_1_240' title='bbox 1918 3284 1996 3351; x_wconf 80' lang='lat' dir='ltr'><strong>&#39;in</strong></span> <span class='ocrx_word' id='word_1_241' title='bbox 2020 3299 2315 3368; x_wconf 74' lang='lat' dir='ltr'><strong>annum,</strong></span> 
     </span>
    </p>

    <p class='ocr_par' dir='ltr' id='par_1_14' title="bbox 584 3364 2132 3450">
     <span class='ocr_line' id='line_1_35' title="bbox 584 3364 2132 3450; baseline 0.001 -19"><span class='ocrx_word' id='word_1_242' title='bbox 584 3364 678 3431; x_wconf 91' lang='lat' dir='ltr'><strong>Vt</strong></span> <span class='ocrx_word' id='word_1_243' title='bbox 761 3386 1118 3450; x_wconf 87' lang='lat' dir='ltr'><strong>uocumque</strong></span> <span class='ocrx_word' id='word_1_244' title='bbox 1159 3367 1304 3432; x_wconf 92' lang='lat' dir='ltr'><strong>loco</strong></span> <span class='ocrx_word' id='word_1_245' title='bbox 1346 3367 1542 3431; x_wconf 79' lang='lat' dir='ltr'><strong>fueris</strong></span> <span class='ocrx_word' id='word_1_246' title='bbox 1576 3367 1818 3432; x_wconf 50' lang='lat' dir='ltr'><strong>*vixisse</strong></span> <span class='ocrx_word' id='word_1_247' title='bbox 1848 3367 2132 3432; x_wconf 72' lang='lat' dir='ltr'><strong>:libenter</strong></span> 
     </span>
    </p>

    <p class='ocr_par' dir='ltr' id='par_1_15' title="bbox 456 3388 2291 3617">
     <span class='ocr_line' id='line_1_36' title="bbox 456 3388 2169 3537; baseline 0.002 -26"><span class='ocrx_word' id='word_1_248' title='bbox 456 3461 521 3511; x_wconf 77' lang='lat'><strong>25</strong></span> <span class='ocrx_word' id='word_1_249' title='bbox 587 3448 677 3514; x_wconf 86' lang='lat' dir='ltr'><strong>Te</strong></span> <span class='ocrx_word' id='word_1_250' title='bbox 720 3388 925 3514; x_wconf 68' lang='lat' dir='ltr'><strong>dicas:</strong></span> <span class='ocrx_word' id='word_1_251' title='bbox 967 3460 1120 3513; x_wconf 83' lang='lat' dir='ltr'><strong>nam</strong></span> <span class='ocrx_word' id='word_1_252' title='bbox 1163 3450 1222 3514; x_wconf 90' lang='lat' dir='ltr'><strong>si</strong></span> <span class='ocrx_word' id='word_1_253' title='bbox 1262 3452 1429 3515; x_wconf 81' lang='lat' dir='ltr'><strong>ratio</strong></span> <span class='ocrx_word' id='word_1_254' title='bbox 1474 3451 1929 3537; x_wconf 62' lang='lat' dir='ltr'><strong>et&#39;prudentia·</strong></span> <span class='ocrx_word' id='word_1_255' title='bbox 1960 3469 2169 3534; x_wconf 83' lang='lat' dir='ltr'><strong>curas,</strong></span> 
     </span>
     <span class='ocr_line' id='line_1_37' title="bbox 582 3532 2291 3617; baseline 0.001 -19"><span class='ocrx_word' id='word_1_256' title='bbox 582 3532 732 3598; x_wconf 90' lang='lat' dir='ltr'><strong>Non</strong></span> <span class='ocrx_word' id='word_1_257' title='bbox 776 3533 953 3597; x_wconf 86' lang='lat' dir='ltr'><strong>locus</strong></span> <span class='ocrx_word' id='word_1_258' title='bbox 998 3533 1181 3598; x_wconf 82' lang='lat' dir='ltr'><strong>effusi</strong></span> <span class='ocrx_word' id='word_1_259' title='bbox 1223 3533 1350 3599; x_wconf 82' lang='lat' dir='ltr'><strong>late</strong></span> <span class='ocrx_word' id='word_1_260' title='bbox 1392 3535 1601 3600; x_wconf 79' lang='lat' dir='ltr'><strong>maris</strong></span> <span class='ocrx_word' id='word_1_261' title='bbox 1629 3534 1866 3599; x_wconf 81' lang='lat' dir='ltr'><strong>arbiter</strong></span> <span class='ocrx_word' id='word_1_262' title='bbox 1890 3535 2137 3617; x_wconf 75' lang='lat' dir='ltr'><strong>aufert,</strong></span> <span class='ocrx_word' id='word_1_263' title='bbox 2194 3578 2199 3583; x_wconf 30' lang='grc' dir='ltr'><em>ι</em></span> <span class='ocrx_word' id='word_1_264' title='bbox 2288 3576 2291 3581; x_wconf 92' lang='grc'>-</span> 
     </span>
    </p>
   </div>
   <div class='ocr_carea' id='block_1_7' title="bbox 2553 2176 2558 3010">
    <p class='ocr_par' dir='ltr' id='par_1_16' title="bbox 2553 2176 2558 3010">
     <span class='ocr_line' id='line_1_38' title="bbox 2553 2176 2558 3010; baseline 0 0"><span class='ocrx_word' id='word_1_265' title='bbox 2553 2176 2558 3010; x_wconf 95' lang='lat' dir='ltr'><strong> </strong></span> 
     </span>
    </p>
   </div>
  </div>
 </body>
</html>
