2588 4046
490 230 614 294 216
1189 230 1703 290 nmsrvmnvn
2329 229 2381 304 [ι

619 395 717 478 Si,
764 394 910 479 quia
953 393 1290 460 Graiorum
1336 397 1488 460 sunt
1530 392 1971 479 antiquissima
2014 414 2285 478 quaeque

620 478 871 563 Scripta
912 478 1014 543 vel
1057 479 1329 563 optima,
1372 478 1647 543 Romani
1689 481 2041 562 pensantur
2083 478 2292 543 eadem

492 575 560 626 80
623 562 976 661 Scriptores
1004 562 1274 647 trutina3
1321 582 1457 626 non
1485 565 1581 626 est
1618 561 1786 646 quod
1814 563 2017 626 multa
2057 562 2389 646 loquamur:

617 646 734 712 Nil
774 648 1002 711 mtrast
1044 646 1212 730 olea,
1257 646 1353 709 nil
1396 648 1637 711 extrast
1677 647 1745 709 in
1786 666 1950 711 nuce
1992 646 2160 731 duri3

617 730 928 795 Venimus
972 729 1054 793 ad
1094 751 1413 793 summum
1455 730 1774 813 fortunae,
1819 729 2142 815 pingimus
2187 731 2361 812 atque

616 814 958 879 Psallimus
1002 816 1067 878 et
1107 814 1422 879 luctamur
1463 813 1727 878 Achivis
1773 812 2020 878 docfius
2062 814 2284 878 unctiS.

621 898 691 964 Si
732 898 997 963 meliora
1041 897 1207 981 dies,
1251 899 1326 963 ut
1366 897 1548 981 vina,
1592 899 1889 981 poemata
1929 896 2165 981 reddit,

492 993 559 1045 35
625 981 803 1047 Scire
832 981 1041 1064 velim,
1080 980 1316 1045 chartis
1344 981 1620 1064 pretium
1649 983 1880 1064 quotus
1911 984 2165 1065 arroget
2192 1001 2392 1045 annus.

621 1065 760 1131 Scri
803 1067 908 1128 tor
950 1064 1183 1129 abhinc
1226 1084 1430 1130 annos
1476 1067 1730 1129 centum
1780 1064 1890 1148 qui
1935 1064 2192 1148 decidit,
2251 1065 2393 1128 inter

618 1088 945 1214 Perigctos
990 1151 1357 1232 veteresque
1399 1148 1625 1212 referri
1668 1147 1857 1213 debet
1899 1169 1983 1213 an
2024 1148 2190 1213 inter

620 1232 801 1297 Viles
846 1235 1036 1315 atque
1078 1232 1326 1297 novos?
1393 1231 1697 1296 Excludat
1737 1232 1946 1317 iurgia
1985 1232 2161 1297 finis!

621 1316 764 1381 ‘Est
784 1319 964 1381 vetus
988 1319 1176 1399 atque
1203 1315 1462 1400 probus,
1495 1319 1749 1380 centum
1772 1317 1883 1398 qui
1903 1317 2148 1400 perficit
2168 1318 2393 1380 annos?

493 1413 561 1463 40
624 1399 834 1476 Quid?
881 1400 988 1483 qui
1032 1399 1109 1463 de
1157 1400 1303 1464 eriit
1344 1399 1556 1464 minor
1596 1420 1725 1464 uno
1769 1421 1989 1464 mense
2032 1401 2132 1464 vel
2171 1419 2331 1464 anno
2342 1447 2359 1480 ‚

619 1484 798 1549 Inter
842 1503 1000 1567 quos
1043 1505 1112 1548 re
1143 1483 1411 1548 erendus
1457 1483 1618 1548 erit?
1662 1486 1990 1548 veteresne
2031 1487 2245 1568 poetas
2256 1533 2273 1567 ,

621 1569 726 1633 An
769 1587 927 1651 quos
972 1569 1037 1631 et
1076 1589 1378 1652 praesens
1422 1570 1488 1632 et
1527 1569 1784 1652 postera
1825 1589 1926 1632 res
1970 1570 2083 1633 uat
2123 1566 2329 1633 aetas?

621 1651 777 1717 ‘Iste
822 1651 1077 1734 quidem
1119 1655 1365 1716 veteres
1408 1651 1577 1716 inter
1617 1654 1892 1735 ponetur
1980 1656 2195 1716 oneste
2206 1701 2224 1735 ‚

622 1736 745 1812 Qui
787 1736 889 1799 vel
930 1756 1149 1800 mense
1191 1735 1369 1801 brevi
1412 1735 1516 1799 vel
1557 1737 1762 1800 totost
1801 1735 2013 1800 iunior
2055 1743 2259 1800 anno?

495 1832 561 1883 45
624 1819 790 1884 Vtor
832 1819 1142 1902 permisso
1153 1868 1172 1902 ‚
1220 1817 1579 1902 caudaeque
1621 1819 1788 1902 pilos
1830 1823 1903 1884 ut
1947 1820 2204 1903 equinae

620 1903 965 1970 Paullatim
1017 1903 1183 1967 vello
1195 1951 1214 1987 ,
1272 1905 1339 1967 et
1391 1901 1574 1967 demo
1628 1924 1858 1988 unum,
1917 1903 2100 1968 demo
2151 1907 2211 1968 et
2256 1905 2391 1967 item

621 2073 795 2138 Dum
841 2073 1025 2170 cadat
1068 2073 1279 2137 elusus
1323 2072 1574 2171 ratione
1617 2010 2139 2158 rudldld'lsmacervi,
2264 2156 2278 2170 ⁶

623 2156 747 2233 Qui
788 2156 953 2220 redit
996 2179 1066 2222 1n
1106 2157 1310 2222 fastos
1354 2158 1420 2221 et
1460 2159 1762 2221 vlrtutem
1805 2157 2101 2223 aestimat
2140 2177 2309 2221 annis

621 2240 1015 2324 Miraturque
1057 2240 1248 2323 nihil,
1292 2240 1420 2305 nisi
1507 2240 1636 2305 uod
1677 2241 1961 2306 Libitina
2006 2241 2280 2307 sacravit.

494 2337 563 2388 50
625 2324 874 2389 Ennius
883 2374 905 2421 t
953 2327 1018 2389 et
1060 2325 1315 2407 sapiens
1358 2327 1423 2388 et
1493 2325 1650 2388 ortis
1692 2328 1757 2389 et
1799 2326 1960 2389 alter
2001 2325 2331 2407 Homerus,

622 2407 714 2472 Vt
757 2408 960 2473 critici
1004 2408 1254 2491 dicunt,
1301 2408 1526 2473 leviter
1570 2429 1788 2473 curare
1829 2408 2106 2493 videtur,

624 2491 763 2568 Quo
806 2492 1123 2590 promissa
1166 2491 1396 2556 cadant
1439 2493 1504 2556 et
1546 2493 1794 2557 somnia
1834 2492 2253 2578 Pythagorea.

621 2575 900 2643 Naevius
943 2577 1014 2640 in
1067 2575 1363 2641 manibus
1406 2596 1541 2640 non
1584 2580 1682 2641 est
1723 2580 1788 2642 et
1839 2577 2159 2641 mentibus
2200 2576 2392 2639 haeret

621 2660 831 2725 Paene
859 2660 1124 2724 recens?
1171 2659 1328 2723 adeo
1360 2662 1714 2725 sanctumst
1743 2663 1925 2726 vetus
1955 2682 2144 2725 omne
2170 2679 2390 2744 poema.

494 2757 561 2807 55
625 2744 995 2842 Ambigitur
1039 2744 1331 2827 quoffiens
1342 2792 1360 2827 ‚
1406 2746 1550 2807 uter
1590 2747 1732 2808 utro
1779 2744 1864 2809 sit
1904 2745 2109 2828 prior,
2155 2745 2342 2809 aufert

620 2829 933 2894 Pacuvius
978 2828 1150 2893 docti
1191 2827 1430 2891 famam
1474 2828 1673 2912 senis,
1704 2827 1940 2892 Accius
1974 2829 2117 2913 alti,

621 2912 872 2977 Dicitur
915 2911 1147 2976 Afrani
1187 2914 1255 2975 to
1389 2912 1760 2976 convenisse
1804 2912 2183 2995 Menandr0‚

621 2996 884 3060 Plautus
929 2995 1011 3059 ad
1054 2932 1378 3078 exempqgr
1407 2994 1605 3059 Siculi
1646 3016 1985 3079 properare
2026 2994 2388 3080 Epicharmi,

618 3080 895 3145 Vincere
940 3078 1252 3144 Caecilius
1297 3079 1612 3164 gravi-tate
1622 3128 1640 3163 ‚
1687 3079 2021 3144 Terentius
2066 3082 2217 3145 arte.

494 3177 562 3227 60
619 3163 759 3227 Hos
803 3162 1030 3227 ediscit
1072 3166 1135 3227 et
1176 3163 1297 3227 hos
1341 3166 1478 3227 arto
1522 3163 1757 3247 stipata
1798 3163 2049 3227 theatro

621 3247 883 3331 Spectat
898 3246 1105 3311 Roma
1131 3249 1380 3332 potenS,
1410 3246 1602 3311 habet
1619 3248 1738 3312 hos
1759 3250 2174 3331 numeratque
2193 3249 2387 3331 poetas

619 3330 725 3395 Ad
765 3333 1056 3395 nostrum
1098 3334 1349 3415 tempus
1393 3330 1534 3395 Livi
1579 3332 1904 3416 scriptoris
1948 3332 2029 3396 ab
2073 3353 2242 3397 aevo.

619 3414 948 3479 Interdum
987 3415 1219 3497 volgus
1261 3417 1505 3478 rectum
1546 3414 1745 3499 videt3
1793 3418 1891 3480 est
1931 3416 2041 3480 ubi
2089 3417 2316 3499 peccat.

620 3496 690 3561 Si
732 3499 976 3561 veteres
1019 3498 1110 3560 ita
1151 3497 1415 3561 miratur
1457 3497 1797 3582 laudatque
1840 3500 2090 3582 poetas,

311 3739 588 3916 Ὗ

2238 3881 2505 3946 „m
