2588 4046
447 215 573 279 224
1161 214 1674 273 snsmfflvu
2283 215 2376 289 [Π.

573 381 662 447 Et
727 380 882 444 laris
927 381 992 444 et
1032 378 1217 444 fundi
1257 400 1385 463 pau
1432 380 1595 443 ertas
1639 378 1873 462 inpulit
1916 379 2153 463 audax,

574 464 665 529 Vt
690 485 908 529 versus
935 464 1227 527 facerem.
1296 462 1377 528 Se
1451 462 1621 545 quod
1648 483 1783 527 non
1826 462 1991 528 desit
2032 463 2381 527 habentem

576 548 750 624 Quae
838 550 1095 612 oterunt
1135 568 1436 630 umquam
1465 547 1618 611 satis
1665 567 2014 632 expurgare
2059 547 2336 630 cicutae,

574 632 663 698 Ni
704 653 808 697 me
834 632 932 696 ius
977 631 1250 695 dormire
1292 633 1514 714 putem
1558 651 1749 713 quam
1794 631 2068 696 scribere
2111 630 2380 695 versus?

451 728 516 781 5⁵
575 716 843 802 Singula
885 716 961 780 de
1003 715 1190 779 nobis
1236 715 1391 778 anni
1430 714 1813 798 praedantur
1856 717 2112 779 euntes:

575 800 884 884 Eripuere
927 800 1102 864 iocos
1115 847 1135 881 ,
1178 819 1505 880 venerem,
1551 799 1869 881 convivia,
1913 798 2163 883 ludum3

577 884 876 949 Tendunt
917 886 1288 965 extorquere
1331 884 1658 966 poemata:
1704 882 1856 965 quid
1899 882 2135 947 faciam
2179 881 2323 947 vis‘?

575 968 869 1064 Denique
911 988 1044 1031 non
1084 987 1306 1030 omnes
1348 966 1566 1031 eadem
1609 966 1922 1031 mirantur
1963 970 2340 1051 amantque:

580 1052 880 1118 Carmine
920 1054 994 1115 tu
1035 1050 1306 1136 gaudes,
1351 1050 1457 1115 hic
1502 1050 1851 1115 delectatur
1893 1051 2156 1134 iambis,

453 1149 522 1200 60
577 1136 696 1201 Ille
737 1135 997 1199 Bioneis
1043 1133 1440 1199 sermonibus
1486 1137 1551 1199 et
1594 1135 1724 1199 sale
1766 1135 1973 1220 nigro.

578 1220 733 1285 Tres
776 1218 936 1283 mibi
980 1219 1283 1284 convivae
1326 1238 1525 1302 prope
1570 1217 1904 1283 dissentire
1946 1217 2276 1302 videntur,

578 1304 923 1369 Poscentes
967 1303 1143 1367 vario
1186 1302 1462 1367 multum
1508 1302 1757 1367 diversa
1796 1304 2030 1387 palato.

582 1387 748 1463 Quid
793 1386 980 1450 dem?
1028 1386 1179 1469 quid
1206 1407 1341 1451 non
1371 1386 1560 1451 dem?
1604 1386 1818 1535 renffis
1860 1390 1962 1471 tu,
2007 1386 2178 1470 quod
2207 1387 2390 1452 iubet

1667 1492 1707 1535 a
1797 1492 1858 1534 r·

586 1555 769 1631 Quod
796 1555 983 1639 petis,
1025 1554 1093 1620 id
1135 1558 1350 1620 sanest
1386 1554 1664 1619 invisum
1697 1520 2070 1638 acidumque
2108 1554 2382 1621 duobus.

456 1652 522 1704 65
579 1639 841 1704 Praeter
885 1642 1094 1705 cetera
1134 1660 1237 1704 me
1278 1639 1605 1704 Romaene
1646 1641 1942 1722 poemata
1984 1659 2207 1704 censes

584 1723 869 1789 Scribere
912 1744 1100 1807 posse
1140 1723 1312 1787 inter
1353 1725 1453 1787 tot
1496 1744 1677 1788 curas
1719 1725 1939 1807 totque
1980 1722 2282 1787 labores?

581 1807 707 1872 Hic
750 1829 780 1871 s
828 1827 1056 1871 onsum
1096 1809 1310 1889 vocat,
1365 1806 1471 1872 hic
1526 1806 1809 1871 auditum
1863 1806 2101 1890 scripta
2143 1806 2390 1872 relictis

585 1830 896 1956 Omnibus
940 1890 1198 1975 officiis3
1245 1890 1439 1956 cubat
1479 1890 1585 1956 hic
1629 1891 1699 1954 in
1742 1890 1904 1956 colle
1948 1890 2229 1975 Quirini,

582 1974 708 2040 Hic
752 1978 1031 2040 extremo
1076 1974 1146 2039 in
1186 1974 1510 2040 Aventino
1524 2021 1542 2055 ,
1587 1974 1884 2040 visendus
1924 1977 2223 2059 uterque:

458 2072 524 2124 ’10
579 2059 925 2125 Intervalla
967 2059 1141 2125 vides
1172 2061 1484 2123 *humane
1530 2059 1873 2123 commoda.
1950 2059 2217 2124 ‘Verum

583 2145 788 2209 Purae
833 2146 982 2208 sunt
1021 2144 1304 2241 plateae,
1348 2143 1513 2208 nihil
1540 2145 1612 2207 ut
1637 2142 2095 2208 meditantibus
2126 2143 2389 2210 obstet!

583 2228 871 2293 Festinat
915 2228 1154 2293 cahdus
1197 2227 1389 2291 mulis
1433 2227 1792 2312 gerulisque
1834 2227 2229 2312 redemptor,

582 2311 864 2394 Torquet
928 2332 1100 2376 nunc
1175 2311 1452 2395 lapidem
1465 2359 1486 2395 ‚
1548 2331 1722 2375 nunc
1785 2311 2013 2396 ingens
2089 2312 2392 2378 machina

1673 2395 1958 2480 tignum,

584 2479 824 2544 Tristia
866 2479 1146 2544 robustis
1190 2479 1514 2544 luctantur
1555 2478 1781 2544 funera
1820 2479 2153 2564 plaustris,

460 2575 524 2627 ‘15
580 2564 722 2628 Hac
764 2563 1020 2628 rabiosa
1067 2563 1237 2648 fugit
1282 2563 1490 2646 canis,
1546 2563 1668 2627 hac
1710 2563 2024 2628 lutulenta
2074 2565 2206 2629 ruit
2251 2586 2393 2632 sus:

586 2648 621 2713 I
662 2668 834 2712 nunc
878 2649 943 2712 et
984 2668 1202 2712 versus
1244 2649 1459 2712 tecum
1499 2646 1804 2712 meditare
1849 2668 2137 2712 canoros.

587 2732 980 2816 Scriptorum
1036 2730 1264 2796 chorus
1321 2731 1528 2795 omnis
1598 2733 1793 2880 amati)
1819 2752 2045 2796 nemus
2089 2734 2157 2796 et
2224 2733 2398 2818 fugit

1674 2836 1750 2880 ur
1796 2836 1862 2880 es

585 2899 734 2964 Rite
780 2899 978 2965 cliens
1020 2897 1260 2964 Bacchi
1304 2919 1529 2963 somno
1573 2863 1908 2984 gaudentis
1953 2902 2018 2964 et
2059 2900 2321 2965 umbra:

587 2984 686 3048 Tu
726 3004 829 3047 me
872 2984 1042 3047 inter
1084 2983 1385 3067 strepitus
1427 2985 1777 3048 nocturnos
1820 2986 2009 3081 atque
2053 2983 2323 3049 diurnos

461 3080 528 3133 80
583 3067 701 3132 Vis
746 3088 969 3132 canere
1013 3069 1078 3131 et
1120 3068 1445 3131 contracta
1488 3069 1666 3150 sequi
1708 3068 1980 3152 vestigia
2020 3068 2290 3133 vatum?

587 3151 957 3236 Ingenium,
1003 3149 1126 3214 sibi
1169 3150 1339 3234 quod
1380 3172 1609 3216 vacuas
1654 3151 1963 3216 desumsit
2002 3150 2298 3218 Athenas

588 3235 677 3301 Et
719 3234 942 3299 studiis
988 3254 1190 3298 annos
1236 3237 1481 3319 septem
1524 3234 1698 3299 dedit
1739 3235 2143 3320 insenuitque

587 3318 796 3383 Libris
842 3321 905 3383 et
948 3318 1143 3401 curis,
1197 3320 1407 3383 statua
1448 3319 1823 3384 taciturnius
1868 3320 2001 3383 exit

587 3404 966 3486 Plerumque
997 3405 1060 3467 et
1088 3402 1221 3467 risu
1260 3404 1570 3487 populum
1600 3403 1835 3486 quatit:
1876 3403 1982 3468 hic
2011 3425 2045 3468 e
2094 3425 2132 3468 o
2175 3425 2399 3471 rerum

461 3500 528 3552 86
584 3486 912 3553 Fluctibus
956 3486 1027 3549 in
1067 3486 1293 3551 mediis
1332 3490 1405 3551 -et
1445 3487 1930 3573 tempestatibus
1972 3509 2049 3552 ur
2093 3488 2151 3554 is
