2588 4046
194 261 312 333 [ιι]
1009 256 1225 311 LIBER
1264 255 1338 313 11.
1691 289 1702 298 -
2016 252 2137 317 165

190 423 442 507 Ingens
487 421 734 486 accedit
776 421 1103 487 stomacho
1145 421 1386 485 fultura
1426 419 1657 485 ruenti.

190 506 291 570 Tu
314 505 579 571 cessas?
608 505 925 591 Agedum,
945 526 1123 570 sume
1142 505 1267 570 hoc
1288 506 1709 589 ptisanarium
1732 509 2002 588 oryzae?
2036 515 2133 567 155

189 590 469 666 ‘Quanti
490 593 739 673 emptae
751 590 809 654 *θ’
864 590 1133 654 ‘Parva’
1189 589 1654 737 Quantibergo?
1672 588 2006 739 fflctussi-

1464 681 1585 738 us?
1651 682 1669 709 ‘
1779 695 1857 738 eu

187 759 365 836 Quid
393 758 623 841 refert,
665 758 891 822 morbo
921 779 1005 821 an
1047 758 1238 823 furtis
1283 778 1664 842 pereamque
1691 724 2005 841 rapinis?

184 843 534 919 ‘Quisnam
575 842 771 927 igitur
814 842 1073 906 sanus'P
1146 841 1270 917 Qui
1313 862 1448 906 non
1491 842 1741 989 mlh-3⁸·
1816 841 2008 917 ‘Quid

1424 947 1647 990 avarus
1695 930 1717 959 ’

186 1012 451 1079 Stultus
494 1014 560 1076 et
599 1012 881 1076 insanus,
944 1010 1168 1094 ‘Quid,
1215 1009 1415 1093 siquis
1445 1030 1581 1074 non
1623 1010 1709 1073 sit
1751 1031 2005 1093 avaruS,

186 1095 526 1163 Continuo
559 1094 821 1160 sanus?’
868 1094 1156 1160 Minjmaez.
1204 1092 1387 1176 ‘Cur,
1424 1093 1706 1159 Stoice?
1754 1093 2000 1159 Dicam.
2032 1106 2132 1156 100

182 1181 352 1246 Non
396 1182 498 1244 est
540 1179 864 1244 cardiacus
910 1179 1270 1276 (Craterum
1315 1178 1552 1242 dixisso
1594 1178 1847 1264 putato)

185 1264 324 1329 Hic
371 1285 591 1349 aeger3
636 1265 872 1328 rectest
913 1263 1111 1348 lgitur
1123 1312 1143 1346 ,
1189 1261 1575 1348 surgetque‘?
1647 1262 1713 1329 N
1715 1263 1934 1348 egabit
1939 1311 1960 1346 ,

186 1347 386 1425 Quod
432 1347 597 1412 latus
642 1350 752 1412 aut
793 1369 998 1426 renes,
1020 1347 1246 1411 morbo
1290 1349 1682 1433 temptentur
1725 1351 1932 1412 acuto.

185 1432 356 1499 Non
396 1435 497 1496 est
536 1431 825 1515 periurus
866 1452 1073 1515 neque
1117 1430 1409 1496 sordidus
1420 1481 1440 1515 ,
1483 1431 1752 1496 inmolet
1789 1432 2005 1515 aequis

185 1516 325 1581 Hic
368 1536 634 1600 porcum
661 1516 959 1601 Laribus3
1003 1537 1224 1581 verum
1251 1516 1626 1580 ambitiosus
1656 1518 1723 1580 et
1764 1515 1999 1580 audax:
2035 1526 2130 1577 165

186 1601 482 1685 Naviget
500 1601 896 1698 Anticyram.
951 1599 1117 1675 Quid
1146 1600 1320 1664 enim
1349 1600 1589 1683 differt,
1619 1599 2004 1664 barathrone

186 1684 422 1749 Dones
452 1684 759 1768 quidquid
786 1684 1003 1767 habes,
1034 1705 1118 1748 an
1137 1706 1487 1768 numquam
1506 1687 1687 1748 utare
1715 1684 2002 1767 paratis?

190 1769 459 1836 Servius
505 1767 816 1853 Oppidius
861 1767 1098 1833 Canusi
1142 1768 1267 1833 duo
1356 1767 1602 1852 raedia,
1652 1767 1827 1833 dives

190 1853 491 1935 Antiquo
538 1873 762 1937 censu,
779 1854 999 1937 gnatis
1020 1852 1253 1918 divisse
1340 1853 1543 1918 uobus

190 1938 431 2003 Fertur
474 1940 538 2001 et
577 1936 736 2001 haec
778 1939 1058 2001 moriens
1101 1938 1315 2021 pueris
1359 1937 1595 2002 dixisse
1622 1938 1877 2002 -vocatis
2032 1950 2132 2001 170

191 2022 306 2088 Ad
349 2021 613 2087 lectum:
682 2021 1053 2106 ‘Postquam
1096 2025 1161 2086 te
1203 2022 1370 2087 talos
1380 2071 1401 2106 ,
1445 2022 1642 2106 Aule,
1685 2043 2004 2106 nucesque

194 2108 395 2172 Ferre
440 2107 586 2172 sinu
627 2106 803 2190 laxo,
848 2105 1086 2171 donare
1129 2109 1194 2171 et
1234 2107 1451 2172 ludere
1492 2106 1654 2191 vidi,

194 2193 324 2274 Te,
368 2189 615 2274 Tiberi,
658 2211 1023 2274 numerare,
1070 2192 1241 2255 cavis
1284 2191 1673 2257 abscondere
1715 2192 1994 2278 tristem3

196 2275 521 2358 Extimui,
563 2295 646 2339 ne
688 2295 804 2339 vos
847 2278 1066 2359 ageret
1105 2276 1366 2339 vesania
1408 2275 1681 2360 discors,

198 2361 304 2424 Tu
344 2358 855 2442 Nomentanum,
899 2362 973 2423 tu
1013 2380 1097 2424 ne
1140 2381 1470 2443 sequerere
1516 2360 1827 2426 Cicutam.
2034 2373 2132 2424 175

198 2445 413 2520 Quare
453 2465 570 2529 per
611 2442 791 2508 divos
837 2446 1053 2508 oratus
1096 2446 1361 2527 uterque
1403 2445 1704 2528 Penates,

199 2529 302 2593 Tu
344 2548 495 2593 cave
535 2549 618 2593 ne
659 2528 941 2612 minuas,
985 2531 1059 2592 tu
1099 2549 1183 2593 ne
1223 2529 1430 2592 maius
1472 2527 1668 2593 facias
1711 2529 1806 2612 id,

201 2612 389 2689 Quod
432 2612 586 2677 satis
630 2633 768 2678 esse
808 2614 995 2697 putat
1033 2616 1217 2696 pater
1258 2615 1325 2677 et
1364 2614 1595 2676 natura
1637 2612 1949 2678 cohercet.

199 2698 535 2762 Praeterea
575 2717 659 2761 ne
700 2717 816 2762 vos
858 2697 1080 2765 titillet
1119 2697 1357 2782 gloria,
1399 2697 1536 2762 iure

200 2780 480 2846 Iurando
525 2780 925 2868 obstringam
966 2783 1184 2848 ambo:
1228 2786 1372 2849 uter
1413 2784 1634 2850 aedilis
1677 2785 1945 2851 fueritve
2024 2807 2128 2858 180

200 2865 502 2932 Vestrum
543 2869 828 2950 praetor,
873 2867 928 2932 is
972 2867 1357 2933 intestabilis
1403 2872 1468 2934 et
1503 2887 1688 2935 'sacer
1730 2873 1889 2935 est0.

201 2951 280 3016 In
323 2951 525 3016 cicere
568 2954 757 3036 atque
798 2951 949 3016 faba
990 2953 1159 3017 bona
1199 2955 1271 3017 tu
1314 2953 1665 3038 perdasque
1706 2955 1975 3040 lupinis,

200 3037 395 3101 Latus
437 3038 514 3100 ut
553 3036 625 3101 in
666 3037 834 3101 circo
879 3037 1154 3120 spatiere
1198 3040 1263 3102 et
1304 3037 1582 3104 aheneus
1623 3042 1698 3104 ut
1741 3042 1898 3123 stes,

201 3121 428 3186 Nudus
474 3121 675 3206 agris,
718 3120 925 3185 nudus
968 3122 1276 3205 nummis,
1321 3123 1575 3207 insane,
1617 3125 1931 3211 paternis3

204 3203 461 3270 Scilicet
502 3206 574 3269 ut
614 3205 904 3288 plausuS,
949 3226 1107 3289 quos
1149 3206 1278 3271 fert
1318 3206 1642 3293 Agrippa,
1685 3208 1853 3273 feras
1898 3212 1999 3294 tu,
2032 3217 2131 3272 185

203 3290 436 3355 Astuta
478 3289 830 3373 ingenuum
869 3290 1093 3374 volpes
1136 3290 1386 3355 imitata
1428 3291 1678 3357 leonem
1687 3292 1747 3356 *Ρ

206 3373 288 3438 ‘N
290 3373 471 3457 equis
504 3373 803 3438 humasse
824 3374 979 3440 velit
997 3373 1294 3457 Aiacem,
1336 3375 1595 3459 Atrida,
1619 3379 1795 3442 vetas
1818 3377 1999 3441 cur?’

207 3457 363 3522 ‘Rex
386 3464 575 3523 sum!
622 3457 757 3524 ‘Nil
773 3458 940 3523 ultra
962 3479 1193 3541 quaero
1223 3458 1554 3543 plebeius?
1600 3460 1712 3525 ‘Et
1735 3482 2004 3544 aequam

211 3540 361 3608 Rem
391 3541 721 3628 imperito;
767 3563 841 3609 ac
903 3541 1062 3607 sicui
1093 3542 1311 3608 videor
1337 3563 1473 3607 non
1515 3542 1748 3628 iustus,
1793 3545 1998 3610 inulto
