2588 4046
178 242 279 314 vr]
966 242 1183 299 usna
1224 244 1267 301 1.
1953 240 2074 306 145

177 403 417 488 Optaret
460 404 582 469 sibi
623 404 917 489 quisque,
961 406 1120 470 meis
1166 408 1503 471 contentus
1546 406 1852 472 honestos

174 487 452 553 Fascibus
495 491 560 553 et
602 489 774 553 sellis
816 490 1055 554 nollem
1097 489 1255 553 1111111
1302 510 1576 573 sumere,
1624 490 1884 556 demens

176 571 395 637 ludieio
440 573 647 658 volgi,
692 594 882 637 sanus
924 572 1197 638 fortasse
1239 576 1380 657 tue,
1426 574 1595 657 quod

175 654 408 721 Nollem
442 677 602 720 onus
646 655 817 721 haud
859 678 1158 741 umquam
1192 657 1417 722 solitus
1457 660 1712 741 portare
1751 660 1947 725 mole·

1364 745 1553 806 stum.

173 822 322 889 Nam
361 824 519 889 mihi
563 824 863 889 continuo
908 824 1111 889 maior
1156 825 1514 908 quaerenda
1556 825 1724 890 foret
1764 848 1866 892 res
1976 839 2076 890 100

173 909 363 991 Atque
405 907 723 973 salutandi
764 908 1007 993 plures,
1054 908 1376 973 ducendus
1421 912 1485 973 et
1526 931 1689 975 unus

173 990 250 1055 Et
287 1013 492 1057 eomes
536 993 726 1076 alter,
770 992 865 1056 uti
905 1013 988 1056 ne
1034 992 1207 1057 solus
1248 1014 1436 1057 rusve
1478 1013 1821 1091 peregreve

173 1074 408 1141 Exirem
482 1076 697 1161 plures
743 1076 996 1141 calones
1040 1077 1228 1160 atque
1273 1076 1503 1142 cabalh

172 1126 459 1225 Pascendi
470 1209 490 1244 ,
537 1159 822 1225 ducenda
862 1160 1188 1245 petorrita.
1275 1160 1340 1226 N
1342 1182 1467 1225 unc
1508 1160 1670 1228 mihi
1714 1165 1892 1228 curto

172 1242 260 1308 Ire
299 1244 444 1310 lieet
484 1244 659 1309 mulo
702 1244 805 1308 vel
849 1245 903 1308 si
946 1243 1103 1309 libet
1143 1264 1343 1329 usque
1386 1244 1760 1330 Tarentum,
1977 1260 2073 1311 105

174 1326 433 1393 Mantiea
455 1329 559 1394 0111
579 1328 831 1392 lumbos
850 1349 1041 1393 onere
1055 1328 1296 1393 ulceret
1315 1331 1503 1426 atque
1522 1351 1712 1478 offis
1736 1351 1976 1396 armos:

174 1410 402 1477 Obieiet
440 1433 633 1477 nemo
678 1411 896 1476 sordes
938 1411 1126 1495 mihi,
1173 1433 1330 1495 quas
1373 1414 1523 1497 tibi,
1631 1413 1642 1427 '
1673 1415 1719 1478 li
1733 1463 1751 1498 ,

175 1493 318 1560 Cum
357 1496 621 1562 Tiburte
664 1495 768 1560 via
807 1498 1164 1579 praetorem
1208 1497 1486 1581 quinque
1531 1501 1879 1581 sequuntur

174 1577 251 1643 Te
289 1582 493 1666 pueri,
540 1580 833 1644 lasanum
874 1583 1204 1664 portantes
1249 1580 1829 1666 oenophorumque.

175 1661 301 1729 Hoe
328 1686 444 1751 ego
477 1663 872 1730 commodius
915 1685 1106 1747 quam
1143 1668 1245 1749 tu,
1291 1666 1614 1750 praeclare
1645 1670 1930 1750 senator,
1980 1680 2079 1730 110

175 1745 410 1814 Milibus
453 1752 644 1832 atque
687 1747 829 1814 aliis
872 1748 1039 1813 vivo,
1129 1747 1536 1833 Quacumque
1579 1750 1866 1835 libidost,

174 1828 386 1897 Ineedo
429 1833 607 1898 solus
617 1880 636 1916 ,
681 1834 1022 1915 percontor
1065 1834 1285 1915 quanti
1331 1833 1472 1898 olus
1517 1854 1592 1898 ae
1635 1833 1760 1918 far,

175 1913 470 1982 Fallaeem
515 1916 755 1982 circum
795 1917 1347 2001 vespertinumque
1389 1938 1644 2002 pererro

177 1997 356 2086 Saepe
397 2001 639 2085 forum,
685 1999 923 2066 adsisto
969 2000 1230 2086 divinis,
1274 2001 1423 2067 inde
1467 2001 1725 2067 domum
1767 2025 1870 2070 me

175 2085 265 2149 Ad
301 2087 472 2170 porri
517 2089 584 2151 et
624 2085 847 2150 eieeris
887 2085 1092 2150 refero
1136 2085 1476 2171 laganique
1520 2087 1830 2173 eatinum3
1985 2101 2080 2152 115

177 2166 332 2234 Cena
371 2170 772 2234 ministratur
812 2170 1025 2253 pueris
1067 2170 1271 2234 tribus
1281 2218 1301 2254 ,
1348 2173 1412 2234 et
1453 2170 1616 2255 lapis
1660 2172 1841 2237 albus

176 2250 390 2319 Pocula
432 2275 582 2320 eum
625 2251 855 2336 cyatho
901 2252 1024 2317 duo
1070 2254 1371 2337 sustinet,
1416 2254 1629 2319 adstat
1671 2255 1933 2321 echinus

176 2334 349 2421 Vilis,
394 2360 543 2404 oum
583 2340 807 2421 patera
856 2339 1050 2421 gutus
1063 2385 1083 2420 ,
1146 2336 1471 2422 Campana
1514 2340 1815 2422 supellex,

175 2417 399 2487 Deinde
424 2442 504 2487 eo
536 2421 898 2506 dormitum,
921 2442 1056 2486 non
1078 2421 1405 2505 sollicitus,
1436 2422 1594 2486 1111111
1624 2423 1793 2506 quod
1816 2445 1954 2489 oras

178 2502 559 2591 Surgendum
602 2506 688 2570 sit
728 2526 914 2569 mane
990 2503 1319 2570 obeundus
1347 2505 1631 2589 Marsya,
1678 2507 1786 2589 qui
1830 2529 1896 2571 se
1987 2520 2083 2569 120

176 2585 419 2655 Voltum
467 2589 633 2654 ferre
674 2591 874 2673 negat
913 2553 1267 2654 &oviorum
1312 2610 1500 2674 posse
1542 2589 1827 2654 minoris

176 2672 266 2736 Ad
304 2675 596 2758 quartam
638 2673 845 2757 iace03
888 2675 1038 2757 post
1063 2670 1232 2738 hano
1252 2694 1453 2757 vagor
1482 2676 1595 2737 aut
1624 2693 1743 2759 ego
1788 2675 1954 2738 leeto

176 2756 295 2820 Aut
321 2759 557 2841 scripto
604 2756 774 2840 quod
799 2778 902 2820 me
928 2756 1194 2821 tacitum
1223 2757 1424 2841 iuvet,
1468 2778 1721 2842 unguor
1754 2758 1922 2823 olivo
1935 2808 1955 2843 ,

176 2837 312 2905 Non
392 2861 478 2906 uo
521 2840 826 2905 fraudatis
868 2840 1211 2905 inmundus
1252 2841 1456 2906 Natta
1496 2841 1789 2906 lucerniS.

177 2924 287 2988 Ast
325 2948 367 2990 11
411 2927 436 2989 1
478 2946 579 2990 1110
622 2925 860 2989 fessum
903 2925 1002 2989 sol
1046 2925 1249 2989 aerior
1291 2924 1383 2990 ire
1426 2925 1707 2990 lavatum
1987 2940 2085 2990 125

178 3007 543 3092 Admonuit,
587 3008 764 3094 fugio
810 3030 1104 3093 eampum
1146 3009 1479 3094 lusumque
1521 3010 1861 3095 trigonem.

178 3089 438 3159 Pransus
479 3113 613 3158 non
656 3092 838 3158 avide
847 3141 867 3176 ,
915 3095 1220 3177 quantum
1261 3093 1627 3177 interpellet
1669 3094 1848 3159 inani

179 3172 402 3242 Ventre
445 3177 614 3242 diem
658 3176 909 3261 durare,
955 3176 1339 3243 domesticus
1383 3177 1567 3243 otior.
1641 3174 1819 3244 Haeo
1863 3182 1960 3245 est

178 3255 317 3324 Vita
356 3261 707 3326 solutorum
751 3262 983 3326 misera
1025 3261 1373 3326 ambitione
1416 3262 1736 3347 gravique.

180 3339 288 3407 His
328 3367 428 3410 me
471 3345 767 3411 oonsolor
809 3345 1122 3410 victurum
1166 3346 1418 3410 suavius
1429 3395 1447 3430 ,
1495 3367 1570 3411 ae
1614 3346 1669 3410 si
1988 3359 2089 3409 130

182 3423 471 3501 Quaestor
500 3451 654 3494 avus
681 3432 865 3513 pater
886 3432 1072 3513 atque
1092 3451 1271 3495 meus
1301 3432 1685 3515 patruusque
1714 3430 1958 3496 fuisset.

272 3612 519 3659 Eoum
1689 3619 1754 3669 10
