2588 4046
214 270 386 342 ΧΨ]

1031 268 1245 323 LIBER
1287 268 1412 322 1111.

496 432 621 496 Per
664 453 817 515 quas
861 429 1160 494 Latinum
1202 451 1441 494 nomen
1486 431 1549 493 et
1591 428 1793 494 Italae

497 514 766 581 Crevere
807 515 974 580 vires
1016 516 1310 598 famaque
1355 517 1419 578 εἰς
1461 513 1689 596 imperi

587 600 892 664 Porrecta
933 600 1232 663 maies'cas
1277 598 1359 661 ad
1402 600 1615 661 ortum

630 710 651 724 ·
675 683 842 749 Solis
887 683 969 746 ab
1013 680 1325 765 Hesperio
1372 682 1584 747 cubili.

499 816 776 884 Custode
819 839 1033 882 rerum
1077 815 1349 882 Caesare
1391 837 1526 880 non
1569 815 1746 880 furor

499 902 720 969 Civilis
766 905 876 966 aut
917 902 1015 966 vis
1061 901 1294 965 eximess
1338 902 1567 982 otium,

589 985 743 1052 Non
784 986 910 1069 ira,
957 1006 1118 1069 quae
1160 984 1457 1068 procudit
1501 1004 1684 1048 enses

673 1070 760 1134 Et
801 1070 1065 1133 miseras
1110 1068 1400 1133 inimicat
1442 1067 1649 1132 urbes·

496 1205 562 1270 Ν
565 1226 650 1269 on
692 1205 801 1289 qui
843 1204 1231 1288 profundum
1273 1202 1638 1268 Danuvium
1680 1202 1908 1266 bibunt

497 1288 729 1355 Ediciza
768 1291 1068 1371 rumpenss
1110 1287 1304 1371 Iulia,
1348 1308 1483 1351 non
1527 1285 1756 1369 Getae,

591 1372 655 1438 N
659 1394 745 1437 on
788 1372 970 1438 Seres
1013 1372 1271 1436 infidive
1315 1371 1578 1454 Persae,

674 1455 828 1522 Non
869 1455 1119 1520 Tanain
1159 1476 1362 1539 prope
1406 1454 1643 1519 flumen
1689 1455 1830 1520 orti.

500 1591 762 1677 Nosque
807 1595 871 1656 εἰς
912 1590 1213 1674 profestis
1257 1589 1505 1654 lucibus
1550 1592 1615 1653 et
1658 1589 1853 1653 sacris

500 1676 677 1741 Inter
717 1675 919 1740 iocosi
961 1696 1226 1738 munera
1267 1672 1482 1737 Liberi

596 1761 758 1827 Cum
800 1760 981 1843 prole
1023 1757 1334 1822 matronis
1379 1779 1458 1822 ue
1500 1757 1770 1841 nostris,

676 1843 823 1908 Rite
869 1842 1021 1907 deos
1063 1843 1241 1926 prius
1286 1862 1326 1905 a
1368 1841 1640 1925 precati,

501 1978 755 2045 Virtute
796 1977 1054 2043 functos
1097 1998 1274 2042 more
1318 1979 1572 2061 patrum
1616 1975 1806 2041 duces

502 2063 696 2147 Lydis
738 2064 1008 2127 remixto
1053 2063 1334 2127 carmine
1376 2062 1553 2126 tibiis

596 2147 974 2230 Troiamque
1018 2149 1082 2211 et
1121 2146 1453 2210 Anchisen
1495 2148 1560 2210 et
1603 2145 1809 2211 almae

682 2230 1063 2317 Progeniem
1107 2230 1376 2296 Veneris
1421 2252 1737 2295 canemus,

2052 259 2185 322 101·

2113 606 2173 657 15

2106 1080 2172 1129 20

2108 1600 2171 1649 25

2108 2074 2173 2122 30
