2588 4046
246 262 378 336 m.)
1058 259 1273 356 mssa
1315 260 1359 318 1.
2057 256 2183 321 135

247 423 361 488 ‘Vt
389 422 675 507 quamvis
695 424 867 487 tacet
885 421 1346 507 Hermogenes,
1382 424 1606 487 cantor
1626 425 1844 489 tamen
1863 425 2051 507 atque

247 508 302 573 Ο
351 508 546 572 timus
591 509 689 571 est
730 506 1119 591 modulator3
1165 509 1238 571 ut
1278 506 1552 572 Alfenus
1595 509 1772 572 vafer
1815 508 1991 572 omni
2080 519 2178 570 130

246 531 522 656 Ahiecto
565 591 991 655 instrumento
1037 591 1191 655 artis
1236 590 1575 675 clausaque
1617 592 1884 657 taberna

246 676 499 740 Tonsor
543 678 706 759 erat3
764 675 1021 759 sapiens
1063 676 1273 758 operis
1319 676 1412 739 sic
1456 676 1733 759 optimus
1776 677 1986 741 omnis

244 759 370 825 Est
413 760 657 843 opifex,
703 759 877 824 solus
922 759 1012 824 sic
1055 765 1208 823 rex!
1298 758 1564 824 Vellunt
1606 760 1724 824 tibi
1767 760 2032 825 barbam

245 843 500 908 Lascivi
540 843 752 928 pueri,
798 864 956 927 quos
1000 846 1073 908 tu
1113 843 1242 907 nisi
1283 843 1452 907 fuste
1496 843 1823 928 coherces,

246 928 558 1013 Vrgueris
600 927 790 992 turba
834 927 1071 992 circum
1113 930 1178 991 te
1224 930 1435 992 stante
1478 927 1796 1012 miserque
2083 943 2177 991 135

246 1011 590 1095 Rumperis
634 1015 699 1076 et
740 1011 962 1095 latras,
1007 1033 1387 1097 magnorum
1430 1011 1703 1077 maxime
1745 1033 1987 1097 regum.

247 1096 350 1162 Ne
392 1097 659 1181 longum
702 1095 962 1161 faciam:
1007 1096 1158 1160 dum
1199 1099 1272 1160 tu
1316 1095 1664 1180 quadrante
1708 1096 1985 1161 lavatum

246 1180 386 1245 Rex
429 1180 553 1244 ibis
594 1201 800 1264 neque
842 1183 906 1245 te
951 1181 1282 1264 quisquam
1327 1180 1597 1263 stipator
1638 1180 1926 1264 ineptum

245 1264 509 1329 Praeter
551 1263 919 1362 Crispinum
963 1265 1339 1347 sectabitur,
1384 1267 1450 1327 et
1490 1264 1650 1328 mihi
1736 1264 1909 1330 ulces

246 1348 625 1434 Ignoscent,
672 1349 880 1446 siquid
922 1369 1188 1432 peccaro
1234 1349 1495 1431 stultus,
1543 1349 1760 1431 amici,
2083 1362 2178 1411 140

247 1433 452 1516 Inque
494 1432 699 1496 vicem
739 1432 995 1497 illorum
1037 1433 1246 1516 patiar
1289 1433 1521 1497 delicta
1570 1432 1873 1517 libenter,

246 1517 666 1599 Privatusque
708 1518 914 1602 magis
957 1517 1165 1582 vivam
1209 1520 1272 1581 te
1315 1537 1467 1601 rege
1511 1517 1755 1582 beatus.

1137 1806 1300 1883 ΠΠ.

246 1939 519 2023 Eupolis
564 1940 751 2023 atque
796 1937 1093 2004 Cratinus
1138 1937 1727 2022 Aristophanesque
1769 1942 1996 2022 poetae

249 2026 463 2108 Atque
508 2023 643 2106 alii,
731 2043 956 2087 uorum
985 2022 1314 2088 comoedia
1356 2023 1566 2107 prisca
1596 2023 1967 2108 virorumst,

249 2108 463 2192 Siquis
511 2129 616 2172 era
688 2044 918 2192 diguus
962 2107 1261 2190 describi,
1308 2108 1477 2191 quod
1521 2108 1723 2173 malus
1768 2130 1844 2175 ac
1887 2109 2018 2192 fur,

250 2192 435 2268 Quod
478 2191 780 2256 moechus
822 2191 990 2255 foret
1032 2194 1142 2255 aut
1184 2192 1445 2257 sicarius
1491 2194 1602 2256 aut
1644 2193 1884 2276 alioqui

248 2276 560 2341 Famosus
574 2325 592 2358 ,
636 2275 838 2339 multa
880 2296 1026 2340 cum
1069 2276 1361 2351 libertate
1404 2276 1736 2341 notabant.
2147 2289 2182 2338 6

248 2360 421 2425 Hinc
465 2360 675 2424 omnis
718 2359 956 2443 pendet
996 2359 1307 2442 Lucilius,
1351 2359 1545 2424 hosce
1590 2361 1841 2424 secutus

248 2444 515 2509 Mutatis
558 2445 808 2507 tantum
850 2443 1118 2526 pedibus
1159 2443 1593 2528 numerisque,
1639 2444 1911 2525 facetus,

248 2527 605 2594 Emunctae
646 2528 821 2592 naris
831 2576 849 2609 ,
896 2527 1087 2592 durus
1130 2547 1253 2592 con
1300 2548 1492 2592 onere
1534 2547 1774 2591 versus.

248 2612 419 2679 Nam
462 2612 587 2677 fuit
626 2611 751 2676 hoc
792 2612 1090 2676 vitiosus:
1134 2612 1204 2675 in
1292 2632 1404 2675 ora
1447 2631 1636 2694 saepe
1679 2610 2018 2694 ducentos,

248 2697 339 2761 Vt
377 2717 716 2781 magnum,
760 2717 977 2760 versus
1022 2695 1303 2760 dictabat
1330 2697 1506 2759 stans
1549 2693 1710 2778 pede
1753 2694 1823 2757 in
1851 2715 2001 2759 uno.
2118 2709 2182 2757 ιο

248 2781 414 2847 Cum
457 2781 684 2845 flueret
724 2779 1103 2863 lutulentus,
1150 2781 1286 2844 erat
1330 2778 1498 2876 quod
1540 2778 1768 2842 tollere
1810 2778 2038 2864 velles3

248 2865 557 2931 Garrulus
601 2867 790 2947 atque
831 2864 1015 2949 piger
1058 2863 1378 2929 scribendi
1419 2863 1585 2941 ferre
1626 2861 1937 2944 laborem,

247 2948 584 3015 Scribendi
609 2951 812 3013 recte:
842 2970 995 3012 nam
1022 2951 1096 3013 ut
1120 2948 1425 3032 multum,
1454 2947 1549 3010 nil
1577 2967 1809 3010 moror.
1852 2945 2051 3030 Ecce,

246 3033 586 3130 Crispinus
629 3032 893 3097 minimo
938 3053 1040 3096 me
1081 3036 1390 3116 provocat
1433 3031 1703 3115 ‘accipe,
1752 3030 1807 3094 si
1848 3030 1977 3114 vis,

246 3117 583 3200 Accipiam
624 3116 903 3200 tabulas3
950 3116 1132 3181 detur
1171 3116 1361 3181 nobis
1404 3116 1584 3180 locus
1596 3163 1615 3199 ,
1658 3114 1847 3197 hora,
2119 3128 2181 3176 15

247 3200 596 3285 Custodes3
642 3200 967 3264 videamus
1010 3203 1153 3264 uter
1194 3200 1340 3283 plus
1385 3200 1659 3265 scribere
1703 3197 1956 3281 possit.’

248 3284 334 3349 Di
377 3285 541 3349 bene
583 3283 898 3367 fecerunt,
943 3283 1154 3367 inopis
1189 3304 1292 3347 me
1337 3283 1630 3367 quodque
1670 3281 1888 3366 pusilli

250 3368 604 3433 Finxerunt
645 3367 870 3450 animi,
913 3388 1056 3431 raro
1103 3369 1169 3431 et
1208 3387 1526 3514 perpauca
1567 3365 1916 3450 loquentis3

249 3453 342 3516 At
381 3455 454 3516 tu
497 3451 826 3517 conclusas
870 3450 1135 3517 hircinis
1179 3451 1322 3514 folli
1366 3472 1442 3515 us
1485 3471 1669 3515 auras

255 3530 464 3621 Vsque
508 3536 902 3619 laborantes,
947 3535 1098 3600 dum
1140 3535 1381 3600 ferrum
1423 3535 1674 3600 molliat
1714 3533 1919 3617 ignis,
2113 3544 2182 3594 20
