2588 4046
206 253 379 326 vm]
997 253 1211 309 LIBER
1252 254 1324 311 11.
2022 247 2141 312 183

208 416 276 482 Si
319 415 614 498 memini,
658 413 920 500 varius,
966 436 1111 480 cum
1156 415 1424 481 Servilio
1468 415 1817 481 Balatrone

204 499 533 583 Vibidius,
579 520 732 583 quas
774 498 1110 564 Maecenas
1153 499 1503 565 adduxerat
1543 499 1821 565 umbras.

203 583 653 650 Nomentanus
696 585 834 648 erat
876 603 950 647 su
996 604 1065 648 er
1107 584 1346 667 ipsum,
1391 583 1654 648 Porcius
1698 583 1894 666 infra,

204 666 538 733 Ridiculus
582 668 752 731 totas
796 667 918 731 sim
1031 666 1371 732 absorbere
1414 667 1763 751 placentas.

202 751 650 817 Nomentanus
695 750 775 815 ad
816 750 940 816 hoc
950 799 969 833 ,
1015 751 1125 834 qui
1132 799 1152 834 ,
1198 751 1408 834 siquid
1450 751 1617 816 forte
1661 751 1917 832 lateret,
2073 763 2140 812 25

201 835 427 914 Indice
469 837 859 900 monstraret
902 834 1137 919 digito:
1178 856 1333 900 nam
1378 837 1586 900 cetera
1626 834 1845 917 turba,

201 919 377 1003 Nos,
421 919 716 1017 inquam,
762 939 1060 984 cenamus
1105 940 1282 1003 aves,
1328 917 1695 1001 conchylia,
1737 918 1973 1002 pisces,

202 1003 433 1089 Longe
476 1003 849 1068 d1ssimilem
891 1005 1047 1068 noto
1092 1003 1367 1068 celantia
1409 1023 1661 1084 sucum,

200 1087 294 1152 Vt
340 1087 445 1153 vel
489 1088 792 1152 continuo
834 1088 1072 1171 patuit,
1120 1107 1264 1152 cum
1306 1087 1583 1171 passeris
1627 1087 1816 1170 atque

200 1172 548 1257 Ingustata
590 1170 749 1235 mihi
791 1175 1161 1255 porrexerat
1200 1171 1315 1235 ilia
1351 1170 1624 1236 rhombi.
2075 1182 2142 1232 30

200 1256 368 1320 Post
409 1255 532 1320 hoc
574 1276 676 1320 me
720 1255 938 1320 docuit
1009 1255 1332 1321 melimela
1371 1254 1598 1320 rubere
1640 1255 1956 1320 minorem

205 1340 314 1404 Ad
359 1338 577 1403 lunam
620 1340 883 1405 delecta.
974 1339 1140 1415 Quid
1183 1339 1309 1404 hoc
1351 1339 1632 1423 intersit,
1677 1339 1757 1404 ab
1800 1339 1944 1423 ipso

201 1423 508 1489 Audieris
550 1424 795 1488 melius.
883 1422 1047 1488 Tum
1089 1423 1384 1489 Vibidius
1427 1423 1792 1489 Balatroni:

203 1507 372 1574 ‘Nos
415 1507 543 1571 nisi
585 1508 888 1573 damnose
930 1508 1239 1592 bibimus,
1282 1508 1627 1573 moriemur
1668 1507 1859 1572 inulti
1868 1514 1912 1590 ,³

201 1591 297 1657 Et
343 1591 569 1656 calices
658 1592 821 1657 oscit
861 1593 1156 1657 maiores.
1245 1590 1513 1657 Vertere
1561 1592 1770 1675 pallor
2073 1602 2141 1653 ⁸5
2265 1617 2272 1624 ·

204 1675 376 1739 Tum
417 1613 679 1758 parochi
720 1675 952 1740 faciem
964 1724 983 1760 ,
1029 1677 1124 1740 nil
1170 1676 1260 1742 sic
1304 1676 1647 1741 metuentis
1690 1678 1765 1739 ut
1806 1694 1983 1740 acres

203 1760 478 1824 Potores
490 1807 508 1842 ,
551 1759 653 1824 vel
696 1760 866 1843 quod
907 1759 1298 1825 maledicunt
1346 1759 1607 1825 liberius
1650 1758 1753 1823 vel

206 1841 483 1908 Fervida
524 1843 694 1926 quod
738 1843 971 1909 subtile
1014 1844 1360 1908 exsurdant
1401 1843 1551 1908 vina
1591 1843 1896 1926 palatum.

206 1927 549 1992 Invertunt
587 1927 892 1992 Allifanis
923 1928 1182 1992 'vinaria
1221 1930 1362 1992 tota

208 2009 510 2077 Vibidius
549 2009 807 2077 Balatro
853 2034 962 2096 ue,
1008 2012 1241 2078 secutis
1284 2011 1608 2097 omnibus;
1656 2011 1770 2077 imi
2075 2023 2145 2075 40

209 2095 536 2162 Convivae
579 2096 731 2161 lecti
887 2097 1046 2161 ilum
1085 2117 1362 2162 nocuere
1405 2097 1715 2181 lagoenis.

213 2179 521 2244 Adfertur
564 2180 826 2263 squillas
869 2181 1038 2245 inter
1079 2201 1346 2245 murena
1386 2183 1684 2245 natantes

209 2264 292 2329 In
314 2263 536 2349 patina
551 2266 860 2347 porrecta.
896 2263 1026 2330 Sub
1048 2263 1171 2330 hoc
1194 2285 1338 2328 erus
1359 2263 1540 2330 ‘haec
1559 2263 1848 2350 gravida’
1878 2264 2088 2348 inquit

214 2347 535 2431 ‘Captast,
579 2347 853 2413 deterior
893 2350 1042 2432 post
1082 2350 1341 2431 partum
1384 2369 1572 2413 carne
1613 2348 1848 2413 futura.

212 2431 334 2496 His
377 2431 649 2495 mixtum
690 2432 790 2496 ius
834 2436 959 2496 est:
1004 2432 1147 2519 oleo
1157 2480 1177 2515 ,
1223 2431 1394 2515 quod
1436 2432 1644 2516 prima
1682 2430 1951 2497 Venafri
2076 2441 2143 2492 ω

213 2514 458 2580 Pressit
502 2515 690 2599 cella3
735 2536 892 2600 garo
937 2515 1015 2579 de
1059 2516 1227 2580 sucis
1270 2516 1466 2599 piscis
1508 2514 1765 2600 Hiberi;

213 2599 384 2664 Vino
431 2598 852 2682 quinquenni,
897 2619 1117 2663 verum
1162 2599 1327 2664 citra
1362 2619 1535 2663 mare
1577 2601 1732 2662 nato
1744 2646 1764 2682 ,

214 2683 386 2747 Dum
418 2683 710 2767 coquitur
730 2719 816 2730 —
838 2686 1018 2747 cocto
1043 2682 1277 2748 Chium
1309 2683 1401 2747 sic
1423 2681 1754 2766 convenit,
1785 2684 1859 2747 ut
1885 2702 2019 2746 non

215 2767 358 2832 Hoc
379 2787 445 2830 m
539 2766 590 2830 's
610 2767 814 2831 ullum
835 2767 1127 2865 aliud—3
1150 2768 1370 2852 pipere
1390 2766 1557 2851 albo,
1579 2786 1714 2830 non
1735 2765 1873 2831 sine
1893 2769 2097 2850 aceto,

217 2851 402 2927 Quod
517 2850 962 2934 ethymnaeam
1004 2851 1159 2915 vitio
1203 2851 1545 2915 mutaverit
1585 2870 1794 2915 uvam.
2078 2862 2145 2912 ω

217 2935 461 3000 Erucas
504 2934 737 2999 virides
752 2982 771 3019 ,
815 2935 1023 2999 inulas
1068 2956 1102 2999 e
1151 2956 1188 3000 o
1233 2935 1478 3018 primus
1522 2955 1769 2999 amaras

217 3019 576 3084 Monstravi
614 3019 982 3104 incoquere3
1033 3019 1047 3033 ⁰
1125 3022 1266 3084 otos
1312 3017 1618 3085 Curtillus
1662 3018 1954 3104 echinos,

216 3101 309 3168 Vt
348 3102 576 3167 melius
619 3103 826 3167 muria
867 3103 1036 3186 quod
1076 3105 1245 3167 testa
1286 3103 1537 3167 marina
1576 3103 1906 3173 remittat?

219 3186 474 3252 Interea
516 3207 826 3275 suspensa
866 3208 1094 3272 graves
1137 3187 1362 3252 aulaea
1402 3188 1621 3252 ruinas

221 3270 298 3335 In
338 3270 629 3355 patinam
672 3270 878 3336 fecere
889 3319 909 3354 ,
953 3270 1276 3335 trahentia
1316 3270 1596 3356 pulveris
1641 3271 1763 3336 atri
2083 3281 2150 3332 65

222 3355 546 3431 Quantum
587 3375 724 3419 non
765 3355 1003 3438 Aquilo
1048 3353 1396 3438 Campanis
1441 3355 1674 3420 excitat
1716 3355 1908 3441 agris.

222 3439 356 3505 Nos
401 3439 606 3503 maius
649 3438 866 3521 veriti,
909 3440 1249 3522 postquam
1291 3437 1456 3503 nihil
1500 3460 1637 3504 esse
1679 3438 1905 3523 pericli

225 3522 579 3608 Sensimus,
625 3522 954 3609 erigimur3
999 3521 1204 3587 Rufus
1247 3523 1459 3608 posito
1504 3523 1739 3606 capite,
1781 3526 1858 3587 ut
1898 3524 1955 3586 si
