2588 4046
184 258 275 333 v.]
984 260 1200 315 mssa
1234 261 1280 319 1.
1994 255 2111 321 141

185 422 506 490 Sarmenti
549 421 809 487 domina
851 425 1088 488 exstat:
1133 423 1214 488 ab
1256 423 1361 488 his
1403 423 1750 489 maioribus
1794 425 1921 489 orti
2047 436 2112 486 55

182 508 290 571 Ad
332 528 618 592 pugnam
651 529 898 572 venere.
985 507 1171 573 Prior
1215 507 1586 573 Sarmentus
1630 508 1802 592 ‘equi
1844 512 1909 573 te

183 591 348 657 Esse
390 592 512 655 feri
556 592 830 656 similem
873 591 1061 656 dico!
1149 592 1486 677 Ridemus,
1534 595 1600 657 et
1640 593 1778 677 ipse

183 675 463 740 Messius
493 675 814 760 ‘accipio,’
857 678 1049 760 caput
1089 679 1153 741 et
1190 679 1424 742 movet.
1496 675 1575 742 Ὀ
1588 725 1608 760 ,
1652 679 1765 741 tua
1792 697 1991 742 cornu

182 760 273 824 Ni
317 760 488 824 foret
516 763 767 824 exsecto
811 759 990 824 frons
1000 766 1046 843 ,³
1076 761 1302 844 inquit,
1316 761 1495 844 ‘quid
1528 760 1800 844 faceres,
1847 782 1990 826 cum

184 845 292 910 sio
335 823 598 908 mutilus
640 844 1026 908 minimis?
1113 845 1206 909 At
1247 845 1345 909 illi
1387 845 1576 909 foeda.
1618 845 1879 910 cicatrix
2049 858 2116 908 σο

184 928 481 995 Setosam
524 928 690 993 laevi
732 927 1011 993 frontem
1052 931 1419 1012 turpaverat
1460 929 1609 993 oris·

184 1012 586 1096 Campanum
606 1012 677 1076 in
695 1013 1008 1097 morbum,
1039 1013 1109 1077 in
1128 1012 1357 1077 faciem
1384 1013 1702 1097 permulta
1724 1012 1988 1097 iocatus,

183 1090 519 1161 Pastorem
562 1097 823 1161 saltaret
863 1097 960 1161 uti
1004 1095 1286 1194 Cyclopa
1326 1097 1630 1183 rogabat:

183 1181 301 1246 Nil
343 1181 442 1245 illi
483 1181 658 1245 larva
700 1183 810 1245 aut
850 1181 1113 1266 tragicls
1157 1201 1318 1265 opus
1362 1202 1500 1246 esse
1543 1180 1891 1246 cothurnis,

183 1265 396 1331 Multa
426 1263 705 1330 Cicirrus
748 1264 830 1329 ad
870 1263 1057 1330 haec:
1102 1265 1405 1330 donasset
1443 1266 1655 1330 iamne
1697 1269 1987 1342 catenam
2050 1277 2117 1328 65

183 1349 287 1415 Ex
328 1351 481 1413 voto
525 1347 822 1432 Laribus,
867 1350 1239 1435 quaerebat3
1284 1349 1494 1415 scriba
1579 1350 1708 1415 uod
1751 1354 1948 1434 esset,

183 1434 340 1498 Nilo
388 1433 663 1498 deterius
707 1433 1144 1499 dominae·ius
1189 1455 1357 1500 esse:
1411 1455 1572 1532 roga
1616 1437 1682 1499 at

184 1517 479 1601 Denique
556 1538 667 1581 cur
707 1538 1009 1601 umquam
1050 1518 1354 1604 fugisset,
1399 1540 1501 1583 cu1
1544 1519 1699 1583 satis
1740 1541 1870 1584 una

185 1601 402 1667 Farris
445 1566 610 1666 libra
649 1602 818 1666 foret
829 1651 849 1686 ,
893 1602 1121 1687 gracili
1164 1603 1257 1667 sic
1299 1605 1556 1687 tamque
1603 1604 1861 1687 pusillo,

184 1685 457 1751 Prorsus
500 1685 773 1750 iucunde
816 1707 1039 1751 cenam
1080 1686 1490 1771 producimus
1532 1687 1729 1752 illam.
2053 1701 2118 1751 70

185 1770 536 1835 Tendimus
551 1768 705 1835 hinc
725 1773 900 1835 recta
914 1769 1370 1855 Beneventum,
1392 1772 1505 1837 ubi
1524 1771 1778 1836 sedulus
1799 1770 2033 1869 hospes

184 1854 399 1920 Paene
441 1875 688 1919 macros
734 1855 893 1919 arsit
965 1854 1117 1921 dum
1158 1856 1381 1921 turdos
1423 1858 1638 1920 versat
1679 1856 1749 1920 in
1790 1856 1961 1941 igm:

185 1932 358 2005 Nam
401 1960 565 2026 vaga
604 1959 720 2023 per
761 1941 1041 2003 veterem
1084 1940 1330 2025 dilapso
1373 1940 1631 2004 flamma
1674 1940 1951 2005 culinam

186 2022 479 2089 Volcano
524 2045 841 2090 summum
882 2025 1267 2109 properabat
1308 2023 1587 2090 lambere
1628 2028 1887 2090 tectum.

191 2108 512 2174 Convivas
556 2108 774 2174 avidos
819 2129 1043 2174 cenam
1087 2130 1430 2192 servosque
1480 2110 1779 2174 timentes
2054 2124 2119 2173 ’15

188 2192 352 2256 Tum
379 2213 603 2276 rapere
631 2196 819 2277 atque
849 2213 1069 2257 omnes
1111 2194 1509 2279 restinguere
1536 2195 1699 2259 velle
1727 2194 1992 2260 videres.

188 2276 430 2361 Incipit
471 2297 549 2341 ex
591 2276 703 2342 illo
748 2279 999 2341 montes
1044 2277 1285 2362 Apulia
1326 2281 1517 2342 notos

189 2361 529 2426 Ostentare
571 2361 759 2444 mihi,
805 2381 963 2444 quos
1005 2363 1209 2426 torret
1250 2362 1569 2427 Atabulus
1614 2367 1681 2429 et
1723 2384 1881 2446 quos

187 2444 557 2528 Numquam
600 2466 962 2529 erepsemus
975 2494 995 2528 ,
1048 2445 1175 2509 nisi
1216 2467 1337 2511 nos
1381 2447 1592 2511 vicina
1633 2446 1870 2512 Trivici

188 2527 364 2593 Villa
406 2528 753 2613 recepisset
793 2529 1130 2594 lacrimoso
1172 2551 1310 2595 non
1352 2531 1491 2596 sine
1533 2531 1710 2595 fumo
1724 2581 1743 2614 ,
2054 2545 2121 2594 so

187 2611 366 2678 Vdos
412 2634 556 2678 cum
597 2613 771 2677 foliis
815 2634 1029 2678 ramos
1072 2618 1296 2679 urente
1339 2615 1611 2680 camino.

187 2695 314 2763 Hic
358 2717 479 2782 ego
523 2696 897 2763 mendacem
939 2697 1353 2764 stultissimus
1395 2720 1594 2782 usque
1637 2699 1918 2782 puellam

188 2781 292 2845 Ad
312 2780 591 2846 mediam
610 2785 867 2847 noctem
888 2785 1213 2869 exspecto3
1245 2805 1508 2848 somnus
1536 2786 1755 2848 tamen
1783 2786 1991 2849 aufert

187 2864 518 2930 Intentum
558 2867 807 2932 veneri:
849 2869 989 2932 tum
1030 2867 1340 2932 inmundo
1386 2868 1634 2933 somnia
1675 2868 1817 2934 visu

188 2949 250 3015 N
253 2954 589 3015 octurnam
611 2953 855 3015 vestem
881 2951 1212 3016 maculant
1236 2954 1647 3036 ventremque
1669 2963 1986 3037 supinum.
2052 2967 2119 3016 85

190 3034 502 3109 Quattuor
541 3032 696 3099 hinc
736 3035 1027 3119 rapimur
1068 3036 1302 3121 viginti
1346 3039 1411 3100 et
1450 3037 1629 3100 milia
1669 3038 1881 3102 raedis
1892 3087 1912 3121 ,

188 3116 480 3184 Mansuri
521 3138 560 3182 o
606 3118 824 3203 pidulo
836 3168 856 3202 ,
901 3119 1072 3202 quod
1114 3141 1302 3184 versu
1347 3119 1554 3186 dicere
1596 3142 1731 3186 non
1775 3124 1904 3206 est,

189 3200 407 3287 Signis
449 3222 531 3286 pe
594 3203 842 3268 acilestt
899 3203 1078 3268 venit
1118 3204 1430 3268 vilissima
1471 3226 1684 3271 rerum

189 3283 313 3351 Hic
357 3307 554 3370 aqua,
598 3286 710 3351 sed
751 3287 937 3371 panis
980 3287 1174 3373 longe
1216 3287 1710 3373 pulcherrimus,
1753 3291 1923 3355 ultra

192 3368 477 3434 Callidus
518 3372 593 3434 ut
635 3371 840 3436 soleat
868 3373 1104 3436 umeris
1148 3374 1400 3456 portare
1442 3376 1668 3442 viator.
2050 3388 2116 3438 90

189 3451 354 3518 Nam
399 3453 639 3520 Canusi
682 3455 1035 3540 lapidosus,
1081 3477 1277 3539 aquae
1321 3478 1456 3522 non
1499 3458 1687 3524 ditior
1728 3480 1891 3523 urna

192 3535 309 3608 Qui
351 3538 529 3604 locus
573 3560 612 3603 a
652 3540 807 3604 forti
849 3538 1224 3606 Diomedest
1263 3541 1557 3608 conditus
1604 3541 1777 3609 olim.
