2588 4046
462 228 654 306 38'

465 676 532 725 20

473 2561 537 2611 10

471 3048 533 3097 15

465 3539 533 3588 20

1214 248 1608 304 CARMINVM

715 410 899 476 Adde
944 409 1113 495 quod
1156 409 1358 495 pubes
1401 411 1521 476 tibi
1565 411 1794 477 crescit
1835 411 2074 495 omnis,

720 494 1000 563 Servitus
1045 495 1273 560 crescit
1313 515 1512 578 nova,
1557 517 1676 561 nec
1719 495 1962 579 priores

716 578 939 662 Inpiae
981 582 1224 643 tectum
1266 578 1562 644 dominae
1604 580 2002 664 relinquunt,

815 662 1015 747 Saepe
1057 663 1302 727 minati.
1660 672 1663 677 “

721 830 817 895 Te
862 831 991 895 suis
1036 835 1269 896 matres
1312 834 1608 897 metuunt
1647 832 1961 916 iuvencis,

724 921 810 980 'Pe
853 937 1037 980 senes
1079 915 1255 1000 parci
1298 917 1717 1000 miseraeque,
1761 937 1850 979 nu
1897 937 1964 980 er

720 999 1051 1084 Virgines,
1093 1003 1361 1083 nuptae,
1405 1003 1515 1064 tua
1555 1022 1638 1065 ne
1681 1003 1849 1065 retar
1894 1002 1958 1064 et

813 1084 989 1148 Aura
1029 1085 1314 1148 maritos.

1313 1493 1541 1567 VIIII.

721 1641 873 1707 Non
916 1662 1165 1738 semper
1206 1640 1442 1705 imbres
1484 1641 1758 1706 nubibus
1802 1641 2088 1725 hispidos

729 1725 997 1789 Manant
1038 1747 1106 1789 111
1148 1746 1337 1810 agros
1381 1728 1493 1789 aut
1531 1748 1704 1791 mare
1749 1725 2048 1810 Caspium

814 1808 1069 1873 Vexant
1108 1809 1470 1892 inaequales
1499 1810 1813 1893 procellae

899 1892 1146 1977 Vsque,
1188 1914 1311 1957 nec
1351 1894 1674 1958 Armeniis
1717 1893 1788 1958 in
1831 1895 1991 1976 oris,

729 2062 954 2127 Amice
995 2061 1221 2147 Valgi,
1268 2064 1397 2126 stat
1435 2063 1672 2147 glacies
1715 2064 1886 2127 iners

722 2147 975 2211 Menses
1018 2167 1132 2230 per
1175 2167 1427 2230 omnes,
1472 2150 1582 2210 aut
1623 2147 2023 2230 aquilonibus

809 2228 1169 2310 Querqueta
1214 2228 1505 2313 Gargani
1547 2231 1845 2295 laborant

899 2310 989 2375 Et
1028 2310 1201 2375 foliis
1243 2311 1586 2378 viduantur
1628 2316 1801 2378 orni:

722 2463 821 2528 Tu
863 2484 1111 2545 semper
1151 2484 1387 2547 urgues
1429 2464 1745 2530 flebilibus
1788 2466 1993 2531 modis

722 2547 982 2631 Mysten
1024 2546 1417 2631 ademptum,
1460 2570 1579 2614 nec
1620 2549 1742 2614 tibi
1782 2550 2064 2633 Vespero

816 2629 937 2696 Sur
984 2633 1130 2695 ente
1173 2631 1488 2697 decedunt
1523 2655 1774 2698 amores

966 2736 1036 2779 ec
1077 2715 1370 2799 rapidum
1411 2717 1698 2802 fugiente
1742 2718 1960 2783 solem.

721 2868 814 2931 At
853 2887 987 2930 non
1029 2869 1128 2930 ter
1169 2887 1324 2931 aevo
1368 2867 1625 2946 functus
1668 2869 2004 2933 amabilem

721 2949 1007 3015 Ploravit
1049 2970 1270 3014 omnes
1313 2952 1732 3018 Antilochum
1775 2974 1967 3018 senex

812 3034 1041 3098 Annos
1053 3081 1072 3117 ,
1116 3054 1237 3098 nec
1279 3033 1349 3098 in
1393 3036 1583 3101 ubem
1624 3039 1920 3121 parentes

898 3117 1161 3182 Troilon
1204 3121 1315 3182 aut
1348 3058 1671 3206 Phrygiae
1714 3142 1962 3185 sorores

720 3270 978 3335 Flevere
1023 3290 1289 3353 semper.
1378 3268 1618 3336 Desine
1659 3273 1953 3337 mollium

720 3353 1003 3418 Tandem
1045 3354 1494 3436 querellarum,
1541 3357 1606 3419 et
1646 3356 1861 3439 potius
1901 3378 2072 3421 nova

815 3437 1157 3503 Cantemus
1200 3439 1482 3522 Augusti
1527 3442 1789 3524 tropaea

904 3521 1188 3588 Caesaris
1233 3525 1299 3586 et
1339 3522 1618 3608 rigidum
1660 3523 2018 3609 Niphaten,
