2588 4046
516 1491 580 1539 10

516 1960 576 2010 15

508 2432 575 2481 20

1282 253 1677 311 CARMINVM

1402 487 1557 564 XV.

769 620 907 685 Iam
948 640 1149 704 pauca
1192 622 1401 684 aratro
1446 619 1668 705 iugera
1710 641 1779 683 re
1833 619 1927 683 ‘ae

771 704 976 769 Moles
1019 704 1412 787 relinquent,
1456 704 1737 788 undique
1806 704 1970 768 atius

861 788 1141 853 Extenta
1181 788 1468 852 visentur
1508 787 1784 852 Lucrino

946 871 1187 957 Stagna
1228 872 1402 956 lacu,
1444 872 1864 956 platanusque
1909 871 2159 937 caelebs

768 1007 1040 1072 Evincet
1079 1007 1320 1091 ulmos3
1364 1009 1503 1071 tum
1545 1007 1810 1071 violaria
1853 1010 1919 1071 et

768 1090 1017 1174 Myrtus
1061 1094 1127 1156 et
1167 1091 1375 1155 omnis
1422 1090 1605 1174 copia
1643 1091 1895 1155 narium

861 1174 1179 1260 Spargent
1221 1174 1472 1239 olivetis
1518 1174 1810 1259 odorem,

943 1258 1289 1324 Fertilibus
1335 1258 1594 1323 domino
1637 1260 1865 1344 priori3

767 1393 932 1459 Tum
975 1394 1182 1476 spissa
1222 1394 1418 1459 ramis
1464 1394 1676 1459 laurea
1716 1393 1996 1459 fervidos

768 1477 1084 1543 Excludet
1124 1478 1309 1542 ictus.
1396 1477 1551 1544 Non
1593 1480 1685 1542 ita
1725 1477 1984 1543 Romuli

858 1562 1329 1645 Praescriptum
1374 1565 1439 1627 et
1487 1562 1729 1627 intonsi
1775 1559 2038 1628 Catonis
2101 1568 2105 1573 ’

942 1646 1265 1730 Auspiciis
1310 1647 1717 1730 veterumque
1758 1666 2002 1710 norma.

765 1781 1058 1845 Privatus
1102 1781 1231 1845 illis
1277 1801 1503 1845 census
1549 1783 1686 1845 erat
1725 1780 1935 1844 brevis
1949 1830 1967 1862 ,

765 1864 1120 1931 Commune
1163 1886 1502 1949 magnum:
1546 1866 1722 1929 nulla
1772 1864 2177 1948 decempedis

859 1948 1102 2013 Metata
1143 1948 1408 2033 privatis
1454 1970 1719 2032 opacam

939 2033 1229 2098 Porticus
1275 2033 1631 2117 excipiebat
1671 2035 1949 2116 Arcton,

761 2168 900 2235 Nec
943 2167 1278 2232 fortuitum
1323 2188 1619 2251 spernere
1675 2162 2037 2247 caespitem

763 2251 853 2316 Le
902 2272 968 2316 es
1012 2252 1338 2335 sinebant,
1384 2252 1619 2336 oppida
1660 2252 1916 2335 publico

904 2339 1130 2419 umptu
1175 2335 1467 2401 iubentes
1513 2339 1579 2400 et
1621 2335 1882 2401 deorum

945 2419 1209 2504 Templa
1250 2440 1418 2485 novo
1464 2420 1759 2485 decorare
1802 2440 1973 2484 saxo.

1371 2761 1564 2837 XVI.

762 2891 981 2958 Otium
1025 2892 1205 2957 divos
1247 2896 1440 2978 rogat
1481 2894 1552 2957 in
1595 2894 1839 2976 patenti

759 2975 1035 3040 Prensus
1078 2977 1370 3061 Aegaeo,
1416 2977 1606 3042 simul
1649 2981 1786 3042 atra
1827 2977 2028 3041 nubes

761 3058 1066 3125 Condidit
1106 3060 1328 3125 lunam
1369 3082 1574 3146 neque
1620 3065 1791 3127 certa
1832 3061 2086 3147 fulgent

857 3144 1073 3209 Sidera
1114 3145 1328 3208 nautis
1338 3169 1361 3230 3

761 3277 981 3343 Otium
1023 3279 1191 3343 bello
1233 3277 1478 3355 furiosa
1519 3279 1799 3378 Thrace,

758 3361 978 3427 Otium
1021 3362 1195 3427 Medi
1236 3362 1538 3446 pharetra
1581 3364 1795 3429 decor1
1807 3412 1829 3448 ,

758 3445 922 3511 Gros
969 3446 1080 3530 he,
1123 3468 1259 3511 non
1300 3448 1572 3533 gemmis
1600 3470 1808 3533 neque
1850 3469 2129 3532 purpura
2176 3471 2286 3514 ve-

846 3552 933 3594 na
960 3552 994 3595 e
1023 3551 1142 3596 nec
1184 3554 1356 3598 auro.
