<?xml version="1.0" encoding="UTF-8"?>
<!DOCTYPE html PUBLIC "-//W3C//DTD XHTML 1.0 Transitional//EN"
    "http://www.w3.org/TR/xhtml1/DTD/xhtml1-transitional.dtd">
<html xmlns="http://www.w3.org/1999/xhtml" xml:lang="en" lang="en">
 <head>
  <title>
</title>
<meta http-equiv="Content-Type" content="text/html;charset=utf-8" />
  <meta name='ocr-system' content='tesseract 3.04.00' />
  <meta name='ocr-capabilities' content='ocr_page ocr_carea ocr_par ocr_line ocrx_word'/>
</head>
<body>
  <div class='ocr_page' id='page_1' title='image "./qvaleriicatulli03catugoog_0249.png"; bbox 0 0 2588 4046; ppageno 0'>
   <div class='ocr_carea' id='block_1_1' title="bbox 232 237 2157 323">
    <p class='ocr_par' dir='ltr' id='par_1_1' title="bbox 232 237 2157 323">
     <span class='ocr_line' id='line_1_1' title="bbox 232 237 2157 323; baseline -0.004 -16"><span class='ocrx_word' id='word_1_1' title='bbox 232 249 429 323; x_wconf 77' lang='lat' dir='ltr'><strong>nm]</strong></span> <span class='ocrx_word' id='word_1_2' title='bbox 1079 249 1312 304; x_wconf 64' lang='lat' dir='ltr'><strong>Lmen.</strong></span> <span class='ocrx_word' id='word_1_3' title='bbox 2035 237 2157 300; x_wconf 78' lang='lat'><strong>115</strong></span> 
     </span>
    </p>
   </div>
   <div class='ocr_carea' id='block_1_2' title="bbox 389 410 2155 1420">
    <p class='ocr_par' dir='ltr' id='par_1_2' title="bbox 389 410 2155 1420">
     <span class='ocr_line' id='line_1_2' title="bbox 394 410 1690 496; baseline -0.001 -20"><span class='ocrx_word' id='word_1_4' title='bbox 394 411 592 477; x_wconf 87' lang='lat' dir='ltr'><strong>Terra</strong></span> <span class='ocrx_word' id='word_1_5' title='bbox 633 411 918 496; x_wconf 87' lang='lat' dir='ltr'><strong>marique</strong></span> <span class='ocrx_word' id='word_1_6' title='bbox 961 412 1164 478; x_wconf 77' lang='lat' dir='ltr'><strong>victus</strong></span> <span class='ocrx_word' id='word_1_7' title='bbox 1207 411 1414 476; x_wconf 67' lang='lat' dir='ltr'><strong>hosbis</strong></span> <span class='ocrx_word' id='word_1_8' title='bbox 1456 410 1690 495; x_wconf 87' lang='lat' dir='ltr'><strong>punico</strong></span> 
     </span>
     <span class='ocr_line' id='line_1_3' title="bbox 481 496 1379 582; baseline -0.001 -22"><span class='ocrx_word' id='word_1_9' title='bbox 481 496 535 560; x_wconf 89' lang='lat' dir='ltr'>L</span> <span class='ocrx_word' id='word_1_10' title='bbox 667 496 778 561; x_wconf 85' lang='lat' dir='ltr'><strong>bre</strong></span> <span class='ocrx_word' id='word_1_11' title='bbox 821 496 1093 561; x_wconf 70' lang='lat' dir='ltr'><strong>mutavit</strong></span> <span class='ocrx_word' id='word_1_12' title='bbox 1133 517 1379 582; x_wconf 84' lang='lat' dir='ltr'><strong>sagum.</strong></span> 
     </span>
     <span class='ocr_line' id='line_1_4' title="bbox 396 576 1939 659; baseline -0.001 -15"><span class='ocrx_word' id='word_1_13' title='bbox 396 582 531 644; x_wconf 74' lang='lat' dir='ltr'><strong>Aut</strong></span> <span class='ocrx_word' id='word_1_14' title='bbox 648 601 682 644; x_wconf 87' lang='lat' dir='ltr'><strong>e</strong></span> <span class='ocrx_word' id='word_1_15' title='bbox 726 582 983 646; x_wconf 75' lang='lat' dir='ltr'><strong>centum</strong></span> <span class='ocrx_word' id='word_1_16' title='bbox 1023 579 1306 645; x_wconf 88' lang='lat' dir='ltr'><strong>nobilem</strong></span> <span class='ocrx_word' id='word_1_17' title='bbox 1352 578 1606 645; x_wconf 77' lang='lat' dir='ltr'><strong>Cretam</strong></span> <span class='ocrx_word' id='word_1_18' title='bbox 1650 576 1939 659; x_wconf 87' lang='lat' dir='ltr'><strong>urbibus,</strong></span> 
     </span>
     <span class='ocr_line' id='line_1_5' title="bbox 478 662 2155 746; baseline -0.004 -17"><span class='ocrx_word' id='word_1_19' title='bbox 478 662 707 729; x_wconf 76' lang='lat' dir='ltr'><strong>Ventis</strong></span> <span class='ocrx_word' id='word_1_20' title='bbox 751 664 954 730; x_wconf 70' lang='lat' dir='ltr'><strong>iturus</strong></span> <span class='ocrx_word' id='word_1_21' title='bbox 996 685 1132 729; x_wconf 85' lang='lat' dir='ltr'><strong>non</strong></span> <span class='ocrx_word' id='word_1_22' title='bbox 1175 664 1335 746; x_wconf 87' lang='lat' dir='ltr'><strong>suis,</strong></span> <span class='ocrx_word' id='word_1_23' title='bbox 2088 672 2155 722; x_wconf 72' lang='lat'><strong>⁸0</strong></span> 
     </span>
     <span class='ocr_line' id='line_1_6' title="bbox 392 746 1661 832; baseline -0.002 -19"><span class='ocrx_word' id='word_1_24' title='bbox 392 747 793 813; x_wconf 73' lang='lat' dir='ltr'><strong>Exercitatas</strong></span> <span class='ocrx_word' id='word_1_25' title='bbox 838 750 949 813; x_wconf 73' lang='lat' dir='ltr'><strong>aut</strong></span> <span class='ocrx_word' id='word_1_26' title='bbox 991 748 1157 832; x_wconf 71' lang='lat' dir='ltr'><strong>petit</strong></span> <span class='ocrx_word' id='word_1_27' title='bbox 1198 747 1414 831; x_wconf 78' lang='lat' dir='ltr'><strong>Syrtes</strong></span> <span class='ocrx_word' id='word_1_28' title='bbox 1457 746 1522 813; x_wconf 93' lang='lat' dir='ltr'>N</span> <span class='ocrx_word' id='word_1_29' title='bbox 1525 749 1661 830; x_wconf 74' lang='lat' dir='ltr'><strong>oto,</strong></span> 
     </span>
     <span class='ocr_line' id='line_1_7' title="bbox 479 832 1364 897; baseline 0.002 -2"><span class='ocrx_word' id='word_1_30' title='bbox 479 833 614 897; x_wconf 77' lang='lat' dir='ltr'><strong>Aut</strong></span> <span class='ocrx_word' id='word_1_31' title='bbox 655 832 855 897; x_wconf 76' lang='lat' dir='ltr'><strong>fertur</strong></span> <span class='ocrx_word' id='word_1_32' title='bbox 896 833 1140 897; x_wconf 76' lang='lat' dir='ltr'><strong>incerto</strong></span> <span class='ocrx_word' id='word_1_33' title='bbox 1182 832 1364 897; x_wconf 85' lang='lat' dir='ltr'><strong>mari.</strong></span> 
     </span>
     <span class='ocr_line' id='line_1_8' title="bbox 391 913 1746 999; baseline -0.004 -17"><span class='ocrx_word' id='word_1_34' title='bbox 391 915 487 982; x_wconf 86' lang='lat' dir='ltr'><strong>Ca</strong></span> <span class='ocrx_word' id='word_1_35' title='bbox 532 916 775 981; x_wconf 90' lang='lat' dir='ltr'><strong>aciores</strong></span> <span class='ocrx_word' id='word_1_36' title='bbox 818 916 995 981; x_wconf 84' lang='lat' dir='ltr'><strong>adfer</strong></span> <span class='ocrx_word' id='word_1_37' title='bbox 1035 916 1160 982; x_wconf 96' lang='lat' dir='ltr'><strong>huc</strong></span> <span class='ocrx_word' id='word_1_38' title='bbox 1234 936 1424 999; x_wconf 87' lang='lat' dir='ltr'><strong>puer,</strong></span> <span class='ocrx_word' id='word_1_39' title='bbox 1472 913 1746 998; x_wconf 77' lang='lat' dir='ltr'>scyphos</span> 
     </span>
     <span class='ocr_line' id='line_1_9' title="bbox 535 965 1419 1083; baseline 0.001 -20"><span class='ocrx_word' id='word_1_40' title='bbox 535 1002 565 1063; x_wconf 75' lang='lat' dir='ltr'><strong>t</strong></span> <span class='ocrx_word' id='word_1_41' title='bbox 609 998 771 1066; x_wconf 87' lang='lat' dir='ltr'><strong>Chia</strong></span> <span class='ocrx_word' id='word_1_42' title='bbox 812 1000 964 1064; x_wconf 85' lang='lat' dir='ltr'><strong>vina</strong></span> <span class='ocrx_word' id='word_1_43' title='bbox 1006 1002 1118 1065; x_wconf 72' lang='lat' dir='ltr'><strong>aut</strong></span> <span class='ocrx_word' id='word_1_44' title='bbox 1157 965 1419 1083; x_wconf 64' lang='lat' dir='ltr'><strong>Lesbia,</strong></span> 
     </span>
     <span class='ocr_line' id='line_1_10' title="bbox 389 1082 2151 1166; baseline -0.003 -19"><span class='ocrx_word' id='word_1_45' title='bbox 389 1082 516 1148; x_wconf 88' lang='lat' dir='ltr'><strong>Vel</strong></span> <span class='ocrx_word' id='word_1_46' title='bbox 559 1083 730 1166; x_wconf 90' lang='lat' dir='ltr'><strong>quod</strong></span> <span class='ocrx_word' id='word_1_47' title='bbox 771 1083 1073 1149; x_wconf 75' lang='lat' dir='ltr'><strong>fluentem</strong></span> <span class='ocrx_word' id='word_1_48' title='bbox 1109 1104 1420 1148; x_wconf 82' lang='lat' dir='ltr'><strong>nauseam</strong></span> <span class='ocrx_word' id='word_1_49' title='bbox 1463 1082 1797 1166; x_wconf 73' lang='lat' dir='ltr'><strong>coherceat</strong></span> <span class='ocrx_word' id='word_1_50' title='bbox 2085 1093 2151 1142; x_wconf 73' lang='lat'><strong>35</strong></span> 
     </span>
     <span class='ocr_line' id='line_1_11' title="bbox 477 1167 1361 1235; baseline 0.002 -5"><span class='ocrx_word' id='word_1_51' title='bbox 477 1167 704 1231; x_wconf 73' lang='lat' dir='ltr'><strong>Metire</strong></span> <span class='ocrx_word' id='word_1_52' title='bbox 746 1167 935 1233; x_wconf 87' lang='lat' dir='ltr'><strong>nobis</strong></span> <span class='ocrx_word' id='word_1_53' title='bbox 980 1167 1361 1235; x_wconf 82' lang='lat' dir='ltr'><strong>Caecubum.</strong></span> 
     </span>
     <span class='ocr_line' id='line_1_12' title="bbox 391 1249 1839 1336; baseline -0.003 -20"><span class='ocrx_word' id='word_1_54' title='bbox 391 1249 628 1316; x_wconf 88' lang='lat' dir='ltr'><strong>Curam</strong></span> <span class='ocrx_word' id='word_1_55' title='bbox 670 1254 1033 1336; x_wconf 76' lang='lat' dir='ltr'><strong>metumque</strong></span> <span class='ocrx_word' id='word_1_56' title='bbox 1078 1251 1368 1318; x_wconf 83' lang='lat' dir='ltr'><strong>Caesaris</strong></span> <span class='ocrx_word' id='word_1_57' title='bbox 1410 1271 1621 1316; x_wconf 85' lang='lat' dir='ltr'><strong>rerum</strong></span> <span class='ocrx_word' id='word_1_58' title='bbox 1664 1249 1839 1313; x_wconf 70' lang='lat' dir='ltr'><strong>iuvat</strong></span> 
     </span>
     <span class='ocr_line' id='line_1_13' title="bbox 476 1333 1226 1420; baseline 0.003 -22"><span class='ocrx_word' id='word_1_59' title='bbox 476 1333 669 1400; x_wconf 90' lang='lat' dir='ltr'><strong>Dulci</strong></span> <span class='ocrx_word' id='word_1_60' title='bbox 710 1335 918 1420; x_wconf 82' lang='lat' dir='ltr'><strong>Lyaeo</strong></span> <span class='ocrx_word' id='word_1_61' title='bbox 966 1336 1226 1402; x_wconf 86' lang='lat' dir='ltr'><strong>solvere.</strong></span> 
     </span>
    </p>
   </div>
   <div class='ocr_carea' id='block_1_3' title="bbox 1139 1779 1232 1854">
    <p class='ocr_par' dir='ltr' id='par_1_3' title="bbox 1139 1779 1232 1854">
     <span class='ocr_line' id='line_1_14' title="bbox 1139 1779 1232 1854; baseline 0.043 -4"><span class='ocrx_word' id='word_1_62' title='bbox 1139 1779 1232 1854; x_wconf 89' lang='lat' dir='ltr'><strong>X.</strong></span> 
     </span>
    </p>
   </div>
   <div class='ocr_carea' id='block_1_4' title="bbox 388 1924 2149 3610">
    <p class='ocr_par' dir='ltr' id='par_1_4' title="bbox 388 1924 2149 3610">
     <span class='ocr_line' id='line_1_15' title="bbox 390 1924 1440 2010; baseline 0.002 -21"><span class='ocrx_word' id='word_1_63' title='bbox 390 1924 562 1992; x_wconf 82' lang='lat' dir='ltr'><strong>Mala</strong></span> <span class='ocrx_word' id='word_1_64' title='bbox 605 1925 814 1991; x_wconf 75' lang='lat' dir='ltr'><strong>soluta</strong></span> <span class='ocrx_word' id='word_1_65' title='bbox 860 1926 1041 1991; x_wconf 82' lang='lat' dir='ltr'><strong>navis</strong></span> <span class='ocrx_word' id='word_1_66' title='bbox 1086 1927 1217 1991; x_wconf 71' lang='lat' dir='ltr'><strong>exit</strong></span> <span class='ocrx_word' id='word_1_67' title='bbox 1257 1927 1440 2010; x_wconf 78' lang='lat' dir='ltr'><strong>alite,</strong></span> 
     </span>
     <span class='ocr_line' id='line_1_16' title="bbox 474 2009 1427 2077; baseline 0.002 -2"><span class='ocrx_word' id='word_1_68' title='bbox 474 2009 711 2076; x_wconf 85' lang='lat' dir='ltr'><strong>Ferens</strong></span> <span class='ocrx_word' id='word_1_69' title='bbox 756 2011 1033 2076; x_wconf 71' lang='lat' dir='ltr'><strong>olentem</strong></span> <span class='ocrx_word' id='word_1_70' title='bbox 1077 2010 1427 2077; x_wconf 83' lang='lat' dir='ltr'><strong>Maevium:</strong></span> 
     </span>
     <span class='ocr_line' id='line_1_17' title="bbox 392 2093 1759 2180; baseline 0.001 -23"><span class='ocrx_word' id='word_1_71' title='bbox 392 2093 484 2158; x_wconf 75' lang='lat' dir='ltr'><strong>Vt</strong></span> <span class='ocrx_word' id='word_1_72' title='bbox 524 2094 801 2160; x_wconf 82' lang='lat' dir='ltr'><strong>horridis</strong></span> <span class='ocrx_word' id='word_1_73' title='bbox 845 2099 1180 2180; x_wconf 77' lang='lat' dir='ltr'><strong>utrumque</strong></span> <span class='ocrx_word' id='word_1_74' title='bbox 1222 2097 1516 2161; x_wconf 82' lang='lat' dir='ltr'><strong>verberes</strong></span> <span class='ocrx_word' id='word_1_75' title='bbox 1561 2094 1759 2179; x_wconf 75' lang='lat' dir='ltr'><strong>latus,</strong></span> 
     </span>
     <span class='ocr_line' id='line_1_18' title="bbox 475 2179 1470 2263; baseline 0.001 -21"><span class='ocrx_word' id='word_1_76' title='bbox 475 2179 740 2263; x_wconf 75' lang='lat' dir='ltr'><strong>Auster,</strong></span> <span class='ocrx_word' id='word_1_77' title='bbox 785 2183 1105 2244; x_wconf 78' lang='lat' dir='ltr'><strong>memento</strong></span> <span class='ocrx_word' id='word_1_78' title='bbox 1154 2179 1470 2245; x_wconf 71' lang='lat' dir='ltr'><strong>fluctibus.</strong></span> 
     </span>
     <span class='ocr_line' id='line_1_19' title="bbox 390 2260 2147 2330; baseline -0.003 -2"><span class='ocrx_word' id='word_1_79' title='bbox 390 2260 478 2328; x_wconf 84' lang='lat' dir='ltr'><strong>Ni</strong></span> <span class='ocrx_word' id='word_1_80' title='bbox 526 2284 594 2327; x_wconf 89' lang='lat' dir='ltr'><strong>er</strong></span> <span class='ocrx_word' id='word_1_81' title='bbox 634 2263 933 2329; x_wconf 73' lang='lat' dir='ltr'><strong>rudentes</strong></span> <span class='ocrx_word' id='word_1_82' title='bbox 977 2264 1186 2330; x_wconf 84' lang='lat' dir='ltr'><strong>Eurus</strong></span> <span class='ocrx_word' id='word_1_83' title='bbox 1229 2264 1481 2328; x_wconf 83' lang='lat' dir='ltr'><strong>inverso</strong></span> <span class='ocrx_word' id='word_1_84' title='bbox 1526 2263 1687 2326; x_wconf 88' lang='lat' dir='ltr'><strong>mari</strong></span> <span class='ocrx_word' id='word_1_85' title='bbox 2114 2274 2147 2323; x_wconf 81' lang='lat'><strong>5</strong></span> 
     </span>
     <span class='ocr_line' id='line_1_20' title="bbox 636 2348 1433 2432; baseline 0 -20"><span class='ocrx_word' id='word_1_86' title='bbox 636 2349 736 2412; x_wconf 77' lang='lat' dir='ltr'><strong>tos</strong></span> <span class='ocrx_word' id='word_1_87' title='bbox 782 2369 862 2412; x_wconf 85' lang='lat' dir='ltr'><strong>ue</strong></span> <span class='ocrx_word' id='word_1_88' title='bbox 904 2369 1113 2413; x_wconf 88' lang='lat' dir='ltr'><strong>remos</strong></span> <span class='ocrx_word' id='word_1_89' title='bbox 1158 2348 1433 2432; x_wconf 76' lang='lat' dir='ltr'><strong>differat3</strong></span> 
     </span>
     <span class='ocr_line' id='line_1_21' title="bbox 390 2430 1875 2516; baseline -0.001 -21"><span class='ocrx_word' id='word_1_90' title='bbox 390 2430 692 2516; x_wconf 76' lang='lat' dir='ltr'><strong>Insurgat</strong></span> <span class='ocrx_word' id='word_1_91' title='bbox 797 2432 969 2516; x_wconf 91' lang='lat' dir='ltr'><strong>quilo</strong></span> <span class='ocrx_word' id='word_1_92' title='bbox 982 2480 1001 2515; x_wconf 89' lang='lat'><em>‚</em></span> <span class='ocrx_word' id='word_1_93' title='bbox 1047 2435 1320 2515; x_wconf 68' lang='lat' dir='ltr'><strong>quamtus</strong></span> <span class='ocrx_word' id='word_1_94' title='bbox 1363 2430 1507 2496; x_wconf 80' lang='lat' dir='ltr'><strong>altis</strong></span> <span class='ocrx_word' id='word_1_95' title='bbox 1551 2430 1875 2496; x_wconf 78' lang='lat' dir='ltr'><strong>montibus</strong></span> 
     </span>
     <span class='ocr_line' id='line_1_22' title="bbox 471 2514 1376 2601; baseline 0.001 -22"><span class='ocrx_word' id='word_1_96' title='bbox 471 2514 525 2579; x_wconf 89' lang='lat' dir='ltr'><strong>F</strong></span> <span class='ocrx_word' id='word_1_97' title='bbox 694 2515 741 2579; x_wconf 73' lang='lat' dir='ltr'><strong>’t</strong></span> <span class='ocrx_word' id='word_1_98' title='bbox 781 2519 1125 2581; x_wconf 71' lang='lat' dir='ltr'><strong>trementes</strong></span> <span class='ocrx_word' id='word_1_99' title='bbox 1168 2516 1376 2601; x_wconf 79' lang='lat' dir='ltr'><strong>ilices3</strong></span> 
     </span>
     <span class='ocr_line' id='line_1_23' title="bbox 388 2598 1852 2684; baseline -0.001 -20"><span class='ocrx_word' id='word_1_100' title='bbox 388 2598 526 2665; x_wconf 88' lang='lat' dir='ltr'><strong>Nec</strong></span> <span class='ocrx_word' id='word_1_101' title='bbox 572 2599 628 2663; x_wconf 92' lang='lat' dir='ltr'><strong>si</strong></span> <span class='ocrx_word' id='word_1_102' title='bbox 671 2621 745 2663; x_wconf 90' lang='lat' dir='ltr'><strong>us</strong></span> <span class='ocrx_word' id='word_1_103' title='bbox 790 2602 927 2665; x_wconf 70' lang='lat' dir='ltr'><strong>atra</strong></span> <span class='ocrx_word' id='word_1_104' title='bbox 967 2602 1157 2667; x_wconf 72' lang='lat' dir='ltr'><strong>nocte</strong></span> <span class='ocrx_word' id='word_1_105' title='bbox 1200 2601 1475 2666; x_wconf 89' lang='lat' dir='ltr'><strong>amicum</strong></span> <span class='ocrx_word' id='word_1_106' title='bbox 1520 2599 1852 2684; x_wconf 77' lang='lat' dir='ltr'><strong>adpareat,</strong></span> 
     </span>
     <span class='ocr_line' id='line_1_24' title="bbox 473 2683 2148 2769; baseline 0.002 -23"><span class='ocrx_word' id='word_1_107' title='bbox 473 2683 613 2760; x_wconf 84' lang='lat' dir='ltr'><strong>Qua</strong></span> <span class='ocrx_word' id='word_1_108' title='bbox 654 2683 857 2748; x_wconf 73' lang='lat' dir='ltr'><strong>tristis</strong></span> <span class='ocrx_word' id='word_1_109' title='bbox 902 2684 1103 2749; x_wconf 87' lang='lat' dir='ltr'><strong>Orion</strong></span> <span class='ocrx_word' id='word_1_110' title='bbox 1153 2685 1353 2769; x_wconf 69' lang='lat' dir='ltr'><strong>cadit3</strong></span> <span class='ocrx_word' id='word_1_111' title='bbox 2086 2694 2148 2743; x_wconf 82' lang='lat'><strong>10</strong></span> 
     </span>
     <span class='ocr_line' id='line_1_25' title="bbox 390 2766 1505 2853; baseline 0.002 -22"><span class='ocrx_word' id='word_1_112' title='bbox 390 2766 713 2843; x_wconf 75' lang='lat' dir='ltr'><strong>Quietiore</strong></span> <span class='ocrx_word' id='word_1_113' title='bbox 754 2788 875 2832; x_wconf 88' lang='lat' dir='ltr'><strong>nec</strong></span> <span class='ocrx_word' id='word_1_114' title='bbox 918 2768 1159 2833; x_wconf 77' lang='lat' dir='ltr'><strong>feratur</strong></span> <span class='ocrx_word' id='word_1_115' title='bbox 1200 2790 1505 2853; x_wconf 87' lang='lat' dir='ltr'><strong>aequore,</strong></span> 
     </span>
     <span class='ocr_line' id='line_1_26' title="bbox 475 2851 1572 2936; baseline 0.001 -20"><span class='ocrx_word' id='word_1_116' title='bbox 475 2851 681 2928; x_wconf 84' lang='lat' dir='ltr'><strong>Quam</strong></span> <span class='ocrx_word' id='word_1_117' title='bbox 726 2851 918 2918; x_wconf 85' lang='lat' dir='ltr'><strong>Graia</strong></span> <span class='ocrx_word' id='word_1_118' title='bbox 960 2853 1272 2918; x_wconf 77' lang='lat' dir='ltr'><strong>victorum</strong></span> <span class='ocrx_word' id='word_1_119' title='bbox 1315 2874 1572 2936; x_wconf 86' lang='lat' dir='ltr'><strong>manus,</strong></span> 
     </span>
     <span class='ocr_line' id='line_1_27' title="bbox 389 2933 1717 3002; baseline 0.001 -2"><span class='ocrx_word' id='word_1_120' title='bbox 389 2933 549 3001; x_wconf 91' lang='lat' dir='ltr'><strong>Cum</strong></span> <span class='ocrx_word' id='word_1_121' title='bbox 593 2935 805 3000; x_wconf 85' lang='lat' dir='ltr'><strong>Pallas</strong></span> <span class='ocrx_word' id='word_1_122' title='bbox 849 2939 992 3001; x_wconf 72' lang='lat' dir='ltr'><strong>usto</strong></span> <span class='ocrx_word' id='word_1_123' title='bbox 1037 2937 1231 3002; x_wconf 72' lang='lat' dir='ltr'><strong>vertit</strong></span> <span class='ocrx_word' id='word_1_124' title='bbox 1270 2937 1430 3001; x_wconf 88' lang='lat' dir='ltr'><strong>iram</strong></span> <span class='ocrx_word' id='word_1_125' title='bbox 1473 2936 1553 3000; x_wconf 89' lang='lat' dir='ltr'><strong>ab</strong></span> <span class='ocrx_word' id='word_1_126' title='bbox 1594 2936 1717 3001; x_wconf 91' lang='lat' dir='ltr'><strong>Ilio</strong></span> 
     </span>
     <span class='ocr_line' id='line_1_28' title="bbox 469 3018 1753 3104; baseline 0.002 -21"><span class='ocrx_word' id='word_1_127' title='bbox 469 3018 550 3083; x_wconf 86' lang='lat' dir='ltr'><strong>In</strong></span> <span class='ocrx_word' id='word_1_128' title='bbox 592 3019 836 3104; x_wconf 85' lang='lat' dir='ltr'><strong>inpiam</strong></span> <span class='ocrx_word' id='word_1_129' title='bbox 878 3020 1096 3085; x_wconf 87' lang='lat' dir='ltr'><strong>Aiacis</strong></span> <span class='ocrx_word' id='word_1_130' title='bbox 1139 3024 1360 3085; x_wconf 77' lang='lat' dir='ltr'><strong>ratem.</strong></span> <span class='ocrx_word' id='word_1_131' title='bbox 1749 3020 1753 3025; x_wconf 80' lang='grc'><strong><em>’</em></strong></span> 
     </span>
     <span class='ocr_line' id='line_1_29' title="bbox 390 3102 2146 3251; baseline -0.002 -84"><span class='ocrx_word' id='word_1_132' title='bbox 390 3102 444 3167; x_wconf 94' lang='grc' dir='ltr'>Ο</span> <span class='ocrx_word' id='word_1_133' title='bbox 470 3108 763 3251; x_wconf 46' lang='grc' dir='ltr'><strong>ᾗηαιιίῖυε</strong></span> <span class='ocrx_word' id='word_1_134' title='bbox 807 3105 1008 3169; x_wconf 73' lang='lat' dir='ltr'><strong>instat</strong></span> <span class='ocrx_word' id='word_1_135' title='bbox 1048 3104 1283 3170; x_wconf 72' lang='lat' dir='ltr'><strong>naviizis</strong></span> <span class='ocrx_word' id='word_1_136' title='bbox 1329 3104 1521 3169; x_wconf 85' lang='lat' dir='ltr'><strong>sudor</strong></span> <span class='ocrx_word' id='word_1_137' title='bbox 1563 3104 1690 3168; x_wconf 78' lang='lat' dir='ltr'><strong>tuis</strong></span> <span class='ocrx_word' id='word_1_138' title='bbox 2088 3115 2146 3164; x_wconf 75' lang='lat'><strong>15</strong></span> 
     </span>
     <span class='ocr_line' id='line_1_30' title="bbox 532 3186 1239 3273; baseline 0.003 -22"><span class='ocrx_word' id='word_1_139' title='bbox 532 3186 741 3272; x_wconf 84' lang='lat' dir='ltr'><strong>&#39;bique</strong></span> <span class='ocrx_word' id='word_1_140' title='bbox 782 3189 991 3273; x_wconf 90' lang='lat' dir='ltr'><strong>pallor</strong></span> <span class='ocrx_word' id='word_1_141' title='bbox 1032 3189 1239 3255; x_wconf 74' lang='lat' dir='ltr'><strong>luteus</strong></span> 
     </span>
     <span class='ocr_line' id='line_1_31' title="bbox 398 3268 1383 3340; baseline 0.005 -6"><span class='ocrx_word' id='word_1_142' title='bbox 398 3268 476 3335; x_wconf 68' lang='lat' dir='ltr'><strong>Et</strong></span> <span class='ocrx_word' id='word_1_143' title='bbox 516 3270 630 3336; x_wconf 90' lang='lat' dir='ltr'><strong>illa</strong></span> <span class='ocrx_word' id='word_1_144' title='bbox 669 3292 804 3336; x_wconf 87' lang='lat' dir='ltr'><strong>non</strong></span> <span class='ocrx_word' id='word_1_145' title='bbox 845 3272 1049 3337; x_wconf 82' lang='lat' dir='ltr'><strong>virilis</strong></span> <span class='ocrx_word' id='word_1_146' title='bbox 1075 3271 1383 3340; x_wconf 74' lang='lat' dir='ltr'><strong>heiulatio</strong></span> 
     </span>
     <span class='ocr_line' id='line_1_32' title="bbox 471 3354 1553 3440; baseline 0.002 -21"><span class='ocrx_word' id='word_1_147' title='bbox 471 3354 698 3420; x_wconf 90' lang='lat' dir='ltr'><strong>Preces</strong></span> <span class='ocrx_word' id='word_1_148' title='bbox 744 3359 810 3421; x_wconf 75' lang='lat' dir='ltr'><strong>et</strong></span> <span class='ocrx_word' id='word_1_149' title='bbox 852 3377 1139 3422; x_wconf 86' lang='lat' dir='ltr'><strong>aversum</strong></span> <span class='ocrx_word' id='word_1_150' title='bbox 1182 3357 1262 3421; x_wconf 91' lang='lat' dir='ltr'><strong>ad</strong></span> <span class='ocrx_word' id='word_1_151' title='bbox 1306 3358 1553 3440; x_wconf 81' lang='lat' dir='ltr'><strong>Iovem,</strong></span> 
     </span>
     <span class='ocr_line' id='line_1_33' title="bbox 391 3436 1590 3538; baseline 0.003 -36"><span class='ocrx_word' id='word_1_152' title='bbox 391 3436 607 3504; x_wconf 86' lang='lat' dir='ltr'><strong>Ionius</strong></span> <span class='ocrx_word' id='word_1_153' title='bbox 650 3440 776 3504; x_wconf 94' lang='lat' dir='ltr'><strong>udo</strong></span> <span class='ocrx_word' id='word_1_154' title='bbox 821 3462 966 3506; x_wconf 93' lang='lat' dir='ltr'><strong>cum</strong></span> <span class='ocrx_word' id='word_1_155' title='bbox 1007 3441 1371 3538; x_wconf 76' lang='lat' dir='ltr'><strong>remugiens</strong></span> <span class='ocrx_word' id='word_1_156' title='bbox 1414 3442 1590 3507; x_wconf 87' lang='lat' dir='ltr'><strong>sinus</strong></span> 
     </span>
     <span class='ocr_line' id='line_1_34' title="bbox 470 3522 2149 3610; baseline -0.003 -20"><span class='ocrx_word' id='word_1_157' title='bbox 470 3522 644 3590; x_wconf 80' lang='lat' dir='ltr'><strong>Noto</strong></span> <span class='ocrx_word' id='word_1_158' title='bbox 688 3524 971 3591; x_wconf 87' lang='lat' dir='ltr'><strong>carinam</strong></span> <span class='ocrx_word' id='word_1_159' title='bbox 1013 3527 1273 3610; x_wconf 76' lang='lat' dir='ltr'><strong>ruperit.</strong></span> <span class='ocrx_word' id='word_1_160' title='bbox 2082 3536 2149 3586; x_wconf 85' lang='lat'><strong>20</strong></span> 
     </span>
    </p>
   </div>
  </div>
 </body>
</html>
