2588 4046
456 257 578 323 170
1196 258 1620 315 SATIRARVM
2235 259 2378 333 [1111.

1338 455 1501 534 ΗΠ.

580 592 792 659 ‘Vnde
815 594 880 657 et
900 611 1025 675 quo
1050 589 1267 656 Catius
1278 589 1339 654 2⁹
1394 588 1484 655 ‘N
1486 609 1572 653 on
1593 590 1692 654 est
1711 586 1871 653 mihi
1893 592 2146 674 tempus
2168 590 2378 653 aventi

578 678 825 743 Ponere
870 676 1055 760 signa
1096 674 1280 739 novis
1324 673 1710 758 praeceptis,
1756 674 1969 757 qualia
2010 673 2271 738 vincant

578 760 992 845 Pythagoran
1032 759 1358 842 Anytique
1400 779 1580 822 reum
1638 757 2020 841 doctumque
2062 758 2378 822 Platona?

581 846 944 910 ‘Peccatum
987 842 1221 925 fateor,
1269 863 1413 906 cum
1456 845 1520 906 te
1566 842 1656 907 sic
1698 844 1986 925 tempore
2028 842 2211 907 laevo

495 943 528 993 5
581 928 1077 1011 Interpellarim3
1124 925 1236 991 sed
1280 926 1391 990 des
1433 927 1685 990 veniam
1727 925 1934 990 bonus
1977 946 2108 990 oro.

579 1012 820 1088 Quodsi
864 1011 1261 1076 interciderit
1297 1010 1415 1074 tibi
1434 1031 1606 1075 nunc
1635 1009 1905 1094 aliquid,
1934 1012 2184 1093 repetes
2212 1030 2381 1093 mox,

582 1096 791 1163 Sivest
831 1099 1096 1160 naturae
1137 1094 1262 1159 hoc
1306 1094 1437 1159 sive
1480 1094 1666 1178 artis,
1708 1095 1907 1158 mirus
1948 1096 2267 1177 utroque?

579 1180 776 1257 ‘Quin
828 1179 896 1243 id
939 1181 1078 1244 erat
1116 1199 1334 1262 curae,
1391 1198 1516 1261 quo
1559 1180 1746 1262 pacto
1772 1179 2022 1243 ‘cuncta
2062 1180 2382 1261 tenerem,

578 1265 671 1330 Vt
716 1267 820 1329 ote
862 1285 964 1328 res
1005 1266 1260 1346 tenues,
1304 1263 1484 1327 tenui
1526 1283 1819 1327 sermone
1859 1264 2197 1347 peractas.'

457 1364 521 1413 ιο
586 1349 665 1415 ‘E
713 1369 746 1413 e
810 1347 1089 1412 hominis
1152 1365 1416 1431 nomen,
1489 1346 1713 1495 simu-lh
1743 1349 1836 1431 et,
1909 1345 2239 1411 Romanus
2301 1368 2385 1411 an

1713 1451 1784 1495 os
1833 1436 1945 1496 es?

582 1518 755 1602 ‘Ipsa
796 1537 1041 1582 memor
1081 1518 1421 1601 praecepta
1448 1535 1702 1599 canam,
1749 1453 2054 1580 oglabitur
2097 1517 2343 1581 auctor.

577 1602 804 1687 Longa
846 1602 1072 1686 quibus
1114 1601 1311 1666 facies
1356 1600 1492 1665 ovis
1536 1600 1684 1684 erit,
1728 1600 1840 1663 illa
1879 1602 2234 1683 memento,

578 1686 672 1751 Vt
713 1687 848 1752 suci
889 1685 1172 1750 melioris
1214 1687 1279 1750 et
1320 1687 1394 1749 ut
1433 1705 1499 1749 m
1590 1684 1639 1749 's
1683 1684 1851 1748 alma
1891 1684 2213 1767 rotundis,

578 1771 855 1837 Ponere:
899 1791 1172 1853 namque
1199 1789 1440 1833 marem
1470 1790 1545 1834 co
1593 1769 1771 1834 ibent
1800 1769 2034 1834 callosa
2069 1768 2387 1833 vitellum.

456 1867 519 1917 15
589 1854 785 1921 Caule
829 1854 1190 1919 suburbano
1235 1854 1344 1937 qui
1389 1853 1572 1918 siccis
1618 1853 1817 1917 crevit
1857 1853 1928 1916 in
2090 1852 2103 1866 '

579 1938 877 2023 Dulcior,
920 1938 1174 2023 inriguo
1217 1937 1380 2002 nihil
1425 1940 1523 2002 est
1564 1937 1794 2001 elutius
1836 1937 2045 2002 hort0.

582 2022 650 2089 Si
692 2045 801 2110 ves
849 2022 1090 2088 ertinus
1134 2021 1345 2087 subito
1388 2023 1453 2086 te
1496 2021 1883 2106 oppresserit
1922 2021 2192 2107 hospes,

578 2108 645 2174 N
647 2130 681 2172 e
723 2129 770 2193 g
832 2108 963 2171 lina
1003 2107 1243 2171 malum
1283 2108 1620 2190 responset
1662 2106 1820 2171 dura
1906 2107 2102 2190 alato,

579 2191 824 2257 Doctus
870 2191 993 2255 eris
1035 2192 1244 2256 vivam
1286 2194 1499 2255 musto
1540 2211 1818 2256 mersare
1858 2129 2165 2255 Palemo:

454 2289 522 2341 ιο
583 2275 725 2340 Hoc
777 2277 1062 2340 teneram
1116 2275 1328 2340 faciet.
1415 2274 1827 2340 Pratensibus
1870 2276 2114 2359 optima
2163 2274 2389 2361 fungis

578 2358 644 2426 N
646 2362 915 2445 aturast3
960 2359 1101 2425 aliis
1144 2359 1310 2424 male
1354 2359 1649 2425 creditur.
1737 2359 1855 2425 Ille
1900 2360 2183 2424 salubres

579 2445 876 2510 Aestates
919 2447 1213 2529 peraget,
1259 2443 1368 2527 qui
1410 2444 1613 2528 nigris
1654 2443 1921 2528 prandia
1961 2444 2159 2507 moris

580 2528 823 2613 Finiet‚
868 2531 1016 2592 ante
1059 2548 1320 2613 gravem
1363 2548 1522 2611 quae
1565 2528 1796 2612 legerit
1837 2528 2060 2592 arbore
2104 2528 2331 2594 solem.

581 2612 872 2678 Aufidius
915 2612 1070 2677 forti
1110 2612 1423 2676 miscebat
1462 2611 1655 2676 mella
1697 2611 1967 2677 Falerno
1979 2662 1998 2697 ‚

453 2710 520 2761 25
580 2695 916 2780 Mendose‚
963 2697 1263 2779 quoniam
1305 2696 1520 2760 vacuis
1564 2697 1939 2762 conmittere
1981 2697 2161 2762 venis

580 2779 694 2846 Nil
735 2781 863 2844 nisi
903 2780 1047 2844 lene
1091 2781 1300 2846 decet:
1345 2780 1476 2844 leni
1518 2780 1889 2864 praecordia
1929 2781 2136 2845 mulso

579 2864 899 2929 Prolueris
941 2865 1187 2930 melius.
1276 2863 1344 2929 Si
1388 2864 1545 2929 dura
1585 2865 1937 2930 morabitur
1978 2866 2188 2949 alvus,

580 2947 847 3013 Mitulus
892 2950 956 3013 et
997 2949 1153 3013 viles
1196 2948 1441 3032 pellent
1482 2948 1802 3013 obstantia
1844 2950 2125 3014 conchae

579 3030 670 3096 Et
710 3031 953 3129 lapathi
995 3032 1203 3097 brevis
1245 3032 1474 3116 herba,
1518 3032 1628 3098 sed
1673 3033 1818 3098 albo
1861 3048 1995 3098 non
2038 3034 2177 3099 sine
2219 3033 2387 3102 Coo.

454 3129 524 3180 80
589 3114 865 3181 Lubnca
904 3119 1239 3181 nascentes
1283 3117 1354 3181 in
1398 3117 1534 3181 lent
1576 3116 1909 3201 conchylia
1950 3119 2168 3202 lunae3

584 3199 709 3265 Sed
749 3220 879 3264 non
924 3221 1111 3265 omne
1154 3139 1396 3265 mares{
1479 3222 1778 3266 onerosae
1821 3201 2032 3266 fertile
2074 3205 2312 3270 testae:

579 3283 821 3348 Murice
863 3283 1106 3348 Baiano
1149 3284 1377 3349 melior
1471 3285 1690 3350 ucrina
1732 3286 1997 3370 peloris,

582 3367 810 3432 Ostrea
854 3366 1123 3453 Circeis,
1169 3368 1419 3434 Miseno
1465 3370 1753 3434 oriuntur
1798 3370 2037 3455 echini,

576 3450 945 3517 Pectinibus
989 3452 1225 3535 patulis
1268 3453 1464 3518 iactat
1507 3474 1574 3518 se
1616 3454 1810 3518 molle
1853 3453 2218 3521 Tarentum.

451 3547 516 3597 85
580 3533 719 3601 Nec
764 3535 884 3601 sibi
931 3556 1227 3602 cenarum
1279 3538 1484 3622 quivis
1526 3540 1762 3602 temere
1805 3541 2060 3624 arroget
2100 3543 2305 3605 artem
2323 3591 2343 3626 ,
