<?xml version="1.0" encoding="UTF-8"?>
<!DOCTYPE html PUBLIC "-//W3C//DTD XHTML 1.0 Transitional//EN"
    "http://www.w3.org/TR/xhtml1/DTD/xhtml1-transitional.dtd">
<html xmlns="http://www.w3.org/1999/xhtml" xml:lang="en" lang="en">
 <head>
  <title>
</title>
<meta http-equiv="Content-Type" content="text/html;charset=utf-8" />
  <meta name='ocr-system' content='tesseract 3.04.00' />
  <meta name='ocr-capabilities' content='ocr_page ocr_carea ocr_par ocr_line ocrx_word'/>
</head>
<body>
  <div class='ocr_page' id='page_1' title='image "./qvaleriicatulli03catugoog_0286.png"; bbox 0 0 2588 4046; ppageno 0'>
   <div class='ocr_carea' id='block_1_1' title="bbox 473 263 2377 337">
    <p class='ocr_par' dir='ltr' id='par_1_1' title="bbox 473 263 2377 337">
     <span class='ocr_line' id='line_1_1' title="bbox 473 263 2377 337; baseline -0.005 -10"><span class='ocrx_word' id='word_1_1' title='bbox 473 263 594 329; x_wconf 85' lang='lat'>134</span> <span class='ocrx_word' id='word_1_2' title='bbox 1210 267 1635 334; x_wconf 74' lang='lat' dir='ltr'>sATfflARVM</span> <span class='ocrx_word' id='word_1_3' title='bbox 2267 266 2377 337; x_wconf 67' lang='grc' dir='ltr'>[ιιι</span> 
     </span>
    </p>
   </div>
   <div class='ocr_carea' id='block_1_2' title="bbox 472 428 2439 3632">
    <p class='ocr_par' dir='ltr' id='par_1_2' title="bbox 494 428 2380 680">
     <span class='ocr_line' id='line_1_2' title="bbox 494 428 2234 513; baseline -0.002 -19"><span class='ocrx_word' id='word_1_4' title='bbox 494 444 559 494; x_wconf 74' lang='lat'>95</span> <span class='ocrx_word' id='word_1_5' title='bbox 589 431 947 496; x_wconf 90' lang='lat' dir='ltr'>Prodiderit</span> <span class='ocrx_word' id='word_1_6' title='bbox 989 431 1307 513; x_wconf 81' lang='lat' dir='ltr'>conmissa</span> <span class='ocrx_word' id='word_1_7' title='bbox 1348 430 1472 494; x_wconf 89' lang='lat' dir='ltr'>fide</span> <span class='ocrx_word' id='word_1_8' title='bbox 1517 450 1901 513; x_wconf 84' lang='lat' dir='ltr'>sponsumve</span> <span class='ocrx_word' id='word_1_9' title='bbox 1942 450 2024 493; x_wconf 93' lang='lat' dir='ltr'>ne</span> <span class='ocrx_word' id='word_1_10' title='bbox 2107 428 2234 492; x_wconf 82' lang='lat' dir='ltr'>rit?</span> 
     </span>
     <span class='ocr_line' id='line_1_3' title="bbox 592 514 2302 599; baseline -0.003 -19"><span class='ocrx_word' id='word_1_11' title='bbox 592 516 748 592; x_wconf 84' lang='lat' dir='ltr'>Quis</span> <span class='ocrx_word' id='word_1_12' title='bbox 791 515 971 599; x_wconf 88' lang='lat' dir='ltr'>paria</span> <span class='ocrx_word' id='word_1_13' title='bbox 1013 536 1150 579; x_wconf 89' lang='lat' dir='ltr'>esse</span> <span class='ocrx_word' id='word_1_14' title='bbox 1192 515 1326 579; x_wconf 89' lang='lat' dir='ltr'>fere</span> <span class='ocrx_word' id='word_1_15' title='bbox 1368 514 1612 597; x_wconf 87' lang='lat' dir='ltr'>placuit</span> <span class='ocrx_word' id='word_1_16' title='bbox 1651 516 1940 597; x_wconf 85' lang='lat' dir='ltr'>peccata,</span> <span class='ocrx_word' id='word_1_17' title='bbox 1985 514 2049 577; x_wconf 89' lang='lat' dir='ltr'>la</span> <span class='ocrx_word' id='word_1_18' title='bbox 2092 514 2302 595; x_wconf 87' lang='lat' dir='ltr'>orant,</span> 
     </span>
     <span class='ocr_line' id='line_1_4' title="bbox 593 598 2380 680; baseline -0.003 -15"><span class='ocrx_word' id='word_1_19' title='bbox 593 599 756 666; x_wconf 84' lang='lat' dir='ltr'>Cum</span> <span class='ocrx_word' id='word_1_20' title='bbox 807 602 1068 664; x_wconf 83' lang='lat' dir='ltr'>ventum</span> <span class='ocrx_word' id='word_1_21' title='bbox 1122 598 1203 663; x_wconf 88' lang='lat' dir='ltr'>ad</span> <span class='ocrx_word' id='word_1_22' title='bbox 1254 600 1570 663; x_wconf 73' lang='lat' dir='ltr'>verumstz</span> <span class='ocrx_word' id='word_1_23' title='bbox 1639 619 1862 663; x_wconf 87' lang='lat' dir='ltr'>sensus</span> <span class='ocrx_word' id='word_1_24' title='bbox 1915 618 2244 680; x_wconf 89' lang='lat' dir='ltr'>moresque</span> <span class='ocrx_word' id='word_1_25' title='bbox 2293 616 2380 659; x_wconf 87' lang='lat' dir='ltr'>re·</span> 
     </span>
    </p>

    <p class='ocr_par' dir='ltr' id='par_1_3' title="bbox 481 683 2386 1442">
     <span class='ocr_line' id='line_1_5' title="bbox 1666 683 1971 746; baseline -0.003 0"><span class='ocrx_word' id='word_1_26' title='bbox 1666 697 1671 701; x_wconf 82' lang='grc'><strong>’</strong></span> <span class='ocrx_word' id='word_1_27' title='bbox 1724 705 1766 746; x_wconf 91' lang='lat' dir='ltr'>u</span> <span class='ocrx_word' id='word_1_28' title='bbox 1812 683 1971 746; x_wconf 88' lang='lat' dir='ltr'>nant</span> 
     </span>
     <span class='ocr_line' id='line_1_6' title="bbox 592 704 2343 853; baseline -0.002 -20"><span class='ocrx_word' id='word_1_29' title='bbox 592 770 805 852; x_wconf 87' lang='lat' dir='ltr'>Atque</span> <span class='ocrx_word' id='word_1_30' title='bbox 847 769 989 853; x_wconf 87' lang='lat' dir='ltr'>ipsa</span> <span class='ocrx_word' id='word_1_31' title='bbox 1028 768 1273 832; x_wconf 82' lang='lat' dir='ltr'>utilitas</span> <span class='ocrx_word' id='word_1_32' title='bbox 1283 816 1303 851; x_wconf 88' lang='lat'>‚</span> <span class='ocrx_word' id='word_1_33' title='bbox 1348 766 1501 831; x_wconf 78' lang='lat' dir='ltr'>iusti</span> <span class='ocrx_word' id='word_1_34' title='bbox 1543 704 1744 850; x_wconf 46' lang='lat' dir='ltr'>proffe</span> <span class='ocrx_word' id='word_1_35' title='bbox 1765 704 1989 830; x_wconf 78' lang='lat' dir='ltr'>gmater</span> <span class='ocrx_word' id='word_1_36' title='bbox 2038 768 2105 830; x_wconf 90' lang='lat' dir='ltr'>et</span> <span class='ocrx_word' id='word_1_37' title='bbox 2146 764 2343 847; x_wconf 88' lang='lat' dir='ltr'>aequi.</span> 
     </span>
     <span class='ocr_line' id='line_1_7' title="bbox 594 850 2118 937; baseline -0.003 -19"><span class='ocrx_word' id='word_1_38' title='bbox 594 852 757 918; x_wconf 83' lang='lat' dir='ltr'>Cum</span> <span class='ocrx_word' id='word_1_39' title='bbox 799 854 1254 937; x_wconf 75' lang='lat' dir='ltr'><strong>prorepserunt</strong></span> <span class='ocrx_word' id='word_1_40' title='bbox 1294 850 1518 935; x_wconf 90' lang='lat' dir='ltr'>primis</span> <span class='ocrx_word' id='word_1_41' title='bbox 1562 850 1863 914; x_wconf 87' lang='lat' dir='ltr'>animalia</span> <span class='ocrx_word' id='word_1_42' title='bbox 1903 850 2118 934; x_wconf 77' lang='lat' dir='ltr'>terriS,</span> 
     </span>
     <span class='ocr_line' id='line_1_8' title="bbox 481 932 2386 1083; baseline -0.003 -82"><span class='ocrx_word' id='word_1_43' title='bbox 481 949 568 1001; x_wconf 77' lang='lat'>100</span> <span class='ocrx_word' id='word_1_44' title='bbox 596 936 848 1001; x_wconf 86' lang='lat' dir='ltr'>Mutum</span> <span class='ocrx_word' id='word_1_45' title='bbox 900 940 965 1001; x_wconf 90' lang='lat' dir='ltr'>et</span> <span class='ocrx_word' id='word_1_46' title='bbox 1018 939 1204 1020; x_wconf 87' lang='lat' dir='ltr'>turpe</span> <span class='ocrx_word' id='word_1_47' title='bbox 1256 956 1453 1019; x_wconf 89' lang='lat' dir='ltr'>pecus</span> <span class='ocrx_word' id='word_1_48' title='bbox 1467 983 1486 1019; x_wconf 89' lang='lat'><em>,</em></span> <span class='ocrx_word' id='word_1_49' title='bbox 1555 934 1909 1083; x_wconf 62' lang='lat' dir='ltr'>glandemte</span> <span class='ocrx_word' id='word_1_50' title='bbox 1919 937 2107 1017; x_wconf 85' lang='lat' dir='ltr'>atque</span> <span class='ocrx_word' id='word_1_51' title='bbox 2163 932 2386 998; x_wconf 75' lang='lat' dir='ltr'>cubilia</span> 
     </span>
     <span class='ocr_line' id='line_1_9' title="bbox 1726 1040 1942 1083; baseline 0 -1"><span class='ocrx_word' id='word_1_52' title='bbox 1726 1040 1798 1083; x_wconf 94' lang='lat' dir='ltr'>ro</span> <span class='ocrx_word' id='word_1_53' title='bbox 1911 1041 1942 1082; x_wconf 90' lang='lat' dir='ltr'>r</span> 
     </span>
     <span class='ocr_line' id='line_1_10' title="bbox 594 1041 2386 1202; baseline -0.004 -32"><span class='ocrx_word' id='word_1_54' title='bbox 594 1105 932 1191; x_wconf 90' lang='lat' dir='ltr'>Vnguibus</span> <span class='ocrx_word' id='word_1_55' title='bbox 963 1106 1028 1169; x_wconf 91' lang='lat' dir='ltr'>et</span> <span class='ocrx_word' id='word_1_56' title='bbox 1054 1104 1289 1202; x_wconf 80' lang='lat' dir='ltr'>pugnis</span> <span class='ocrx_word' id='word_1_57' title='bbox 1302 1152 1321 1188; x_wconf 89' lang='lat'><em>,</em></span> <span class='ocrx_word' id='word_1_58' title='bbox 1354 1103 1502 1168; x_wconf 91' lang='lat' dir='ltr'>dein</span> <span class='ocrx_word' id='word_1_59' title='bbox 1529 1041 1844 1187; x_wconf 52' lang='lat' dir='ltr'>fustilldusl‚J</span> <span class='ocrx_word' id='word_1_60' title='bbox 1872 1106 2060 1185; x_wconf 73' lang='lat' dir='ltr'>atquc</span> <span class='ocrx_word' id='word_1_61' title='bbox 2088 1103 2181 1165; x_wconf 87' lang='lat' dir='ltr'>ita</span> <span class='ocrx_word' id='word_1_62' title='bbox 2208 1120 2386 1185; x_wconf 88' lang='lat' dir='ltr'>porro</span> 
     </span>
     <span class='ocr_line' id='line_1_11' title="bbox 593 1187 2316 1275; baseline -0.002 -22"><span class='ocrx_word' id='word_1_63' title='bbox 593 1189 976 1275; x_wconf 78' lang='lat' dir='ltr'><strong>Pugnabant</strong></span> <span class='ocrx_word' id='word_1_64' title='bbox 1018 1210 1210 1253; x_wconf 78' lang='lat' dir='ltr'>armis</span> <span class='ocrx_word' id='word_1_65' title='bbox 1221 1237 1240 1271; x_wconf 88' lang='lat'>‚</span> <span class='ocrx_word' id='word_1_66' title='bbox 1286 1208 1446 1271; x_wconf 91' lang='lat' dir='ltr'>quae</span> <span class='ocrx_word' id='word_1_67' title='bbox 1487 1189 1638 1272; x_wconf 90' lang='lat' dir='ltr'>post</span> <span class='ocrx_word' id='word_1_68' title='bbox 1677 1187 2095 1252; x_wconf 76' lang='lat' dir='ltr'><strong>fabricaverat</strong></span> <span class='ocrx_word' id='word_1_69' title='bbox 2135 1207 2316 1268; x_wconf 85' lang='lat' dir='ltr'>usus,</span> 
     </span>
     <span class='ocr_line' id='line_1_12' title="bbox 594 1272 2345 1357; baseline -0.002 -21"><span class='ocrx_word' id='word_1_70' title='bbox 594 1273 818 1338; x_wconf 89' lang='lat' dir='ltr'>Donec</span> <span class='ocrx_word' id='word_1_71' title='bbox 858 1273 1079 1356; x_wconf 83' lang='lat' dir='ltr'>verba,</span> <span class='ocrx_word' id='word_1_72' title='bbox 1125 1272 1352 1357; x_wconf 88' lang='lat' dir='ltr'>quibus</span> <span class='ocrx_word' id='word_1_73' title='bbox 1395 1292 1584 1336; x_wconf 83' lang='lat' dir='ltr'>voces</span> <span class='ocrx_word' id='word_1_74' title='bbox 1628 1292 1974 1354; x_wconf 83' lang='lat' dir='ltr'>sensusque</span> <span class='ocrx_word' id='word_1_75' title='bbox 2015 1273 2345 1351; x_wconf 86' lang='lat' dir='ltr'>notarent,</span> 
     </span>
     <span class='ocr_line' id='line_1_13' title="bbox 594 1355 2239 1442; baseline -0.002 -21"><span class='ocrx_word' id='word_1_76' title='bbox 594 1357 998 1442; x_wconf 89' lang='lat' dir='ltr'>Nominaque</span> <span class='ocrx_word' id='word_1_77' title='bbox 1039 1357 1368 1441; x_wconf 82' lang='lat' dir='ltr'>invenere3</span> <span class='ocrx_word' id='word_1_78' title='bbox 1415 1355 1643 1421; x_wconf 90' lang='lat' dir='ltr'>dehinc</span> <span class='ocrx_word' id='word_1_79' title='bbox 1686 1356 1992 1421; x_wconf 88' lang='lat' dir='ltr'>absistere</span> <span class='ocrx_word' id='word_1_80' title='bbox 2035 1355 2239 1438; x_wconf 89' lang='lat' dir='ltr'>bello,</span> 
     </span>
    </p>

    <p class='ocr_par' dir='ltr' id='par_1_4' title="bbox 473 1439 2165 1526">
     <span class='ocr_line' id='line_1_14' title="bbox 473 1439 2165 1526; baseline 0 -23"><span class='ocrx_word' id='word_1_81' title='bbox 473 1455 569 1504; x_wconf 82' lang='lat'>105</span> <span class='ocrx_word' id='word_1_82' title='bbox 601 1441 852 1526; x_wconf 88' lang='lat' dir='ltr'>Oppida</span> <span class='ocrx_word' id='word_1_83' title='bbox 895 1444 1240 1525; x_wconf 88' lang='lat' dir='ltr'>coeperunt</span> <span class='ocrx_word' id='word_1_84' title='bbox 1281 1441 1530 1505; x_wconf 90' lang='lat' dir='ltr'>munire</span> <span class='ocrx_word' id='word_1_85' title='bbox 1574 1442 1640 1505; x_wconf 91' lang='lat' dir='ltr'>et</span> <span class='ocrx_word' id='word_1_86' title='bbox 1679 1461 1917 1523; x_wconf 89' lang='lat' dir='ltr'>ponere</span> <span class='ocrx_word' id='word_1_87' title='bbox 1959 1439 2023 1503; x_wconf 90' lang='lat' dir='ltr'>le</span> <span class='ocrx_word' id='word_1_88' title='bbox 2069 1461 2165 1522; x_wconf 82' lang='lat' dir='ltr'>eS‚</span> 
     </span>
    </p>

    <p class='ocr_par' dir='ltr' id='par_1_5' title="bbox 593 1524 2351 1779">
     <span class='ocr_line' id='line_1_15' title="bbox 593 1524 2259 1609; baseline -0.001 -18"><span class='ocrx_word' id='word_1_89' title='bbox 593 1526 658 1592; x_wconf 92' lang='lat' dir='ltr'>N</span> <span class='ocrx_word' id='word_1_90' title='bbox 662 1526 839 1609; x_wconf 89' lang='lat' dir='ltr'>equis</span> <span class='ocrx_word' id='word_1_91' title='bbox 882 1525 986 1591; x_wconf 85' lang='lat' dir='ltr'>fur</span> <span class='ocrx_word' id='word_1_92' title='bbox 1029 1527 1226 1607; x_wconf 88' lang='lat' dir='ltr'>esset,</span> <span class='ocrx_word' id='word_1_93' title='bbox 1268 1546 1398 1589; x_wconf 90' lang='lat' dir='ltr'>neu</span> <span class='ocrx_word' id='word_1_94' title='bbox 1438 1525 1632 1608; x_wconf 88' lang='lat' dir='ltr'>latro,</span> <span class='ocrx_word' id='word_1_95' title='bbox 1675 1524 1945 1608; x_wconf 87' lang='lat' dir='ltr'>neuquis</span> <span class='ocrx_word' id='word_1_96' title='bbox 1990 1546 2029 1587; x_wconf 91' lang='lat' dir='ltr'>a</span> <span class='ocrx_word' id='word_1_97' title='bbox 2073 1524 2259 1589; x_wconf 86' lang='lat' dir='ltr'>ulter.</span> 
     </span>
     <span class='ocr_line' id='line_1_16' title="bbox 594 1607 2351 1676; baseline -0.003 0"><span class='ocrx_word' id='word_1_98' title='bbox 594 1610 765 1676; x_wconf 92' lang='lat' dir='ltr'>Nam</span> <span class='ocrx_word' id='word_1_99' title='bbox 819 1609 945 1675; x_wconf 89' lang='lat' dir='ltr'>fuit</span> <span class='ocrx_word' id='word_1_100' title='bbox 986 1612 1133 1673; x_wconf 88' lang='lat' dir='ltr'>ante</span> <span class='ocrx_word' id='word_1_101' title='bbox 1177 1607 1491 1673; x_wconf 81' lang='lat' dir='ltr'>Helenam</span> <span class='ocrx_word' id='word_1_102' title='bbox 1533 1630 1779 1674; x_wconf 88' lang='lat' dir='ltr'>cunnus</span> <span class='ocrx_word' id='word_1_103' title='bbox 1811 1609 2156 1673; x_wconf 87' lang='lat' dir='ltr'>deterrima</span> <span class='ocrx_word' id='word_1_104' title='bbox 2200 1607 2351 1672; x_wconf 91' lang='lat' dir='ltr'>belli</span> 
     </span>
     <span class='ocr_line' id='line_1_17' title="bbox 597 1692 2130 1779; baseline -0.003 -19"><span class='ocrx_word' id='word_1_105' title='bbox 597 1694 830 1778; x_wconf 82' lang='lat' dir='ltr'>Causa,</span> <span class='ocrx_word' id='word_1_106' title='bbox 878 1693 989 1758; x_wconf 91' lang='lat' dir='ltr'>sed</span> <span class='ocrx_word' id='word_1_107' title='bbox 1031 1694 1272 1779; x_wconf 88' lang='lat' dir='ltr'>ignotis</span> <span class='ocrx_word' id='word_1_108' title='bbox 1316 1692 1640 1777; x_wconf 89' lang='lat' dir='ltr'>perierunt</span> <span class='ocrx_word' id='word_1_109' title='bbox 1681 1692 1992 1758; x_wconf 88' lang='lat' dir='ltr'>mortibus</span> <span class='ocrx_word' id='word_1_110' title='bbox 2035 1693 2130 1756; x_wconf 90' lang='lat' dir='ltr'>illi</span> 
     </span>
    </p>

    <p class='ocr_par' dir='ltr' id='par_1_6' title="bbox 597 1778 2386 1861">
     <span class='ocr_line' id='line_1_18' title="bbox 597 1778 2386 1861; baseline -0.001 -18"><span class='ocrx_word' id='word_1_111' title='bbox 597 1779 769 1854; x_wconf 80' lang='lat' dir='ltr'>Quos</span> <span class='ocrx_word' id='word_1_112' title='bbox 823 1798 1120 1842; x_wconf 83' lang='lat' dir='ltr'>venerem</span> <span class='ocrx_word' id='word_1_113' title='bbox 1174 1778 1486 1842; x_wconf 73' lang='lat' dir='ltr'>incertam</span> <span class='ocrx_word' id='word_1_114' title='bbox 1526 1778 1846 1861; x_wconf 76' lang='lat' dir='ltr'>rapientes</span> <span class='ocrx_word' id='word_1_115' title='bbox 1888 1798 2064 1841; x_wconf 91' lang='lat' dir='ltr'>more</span> <span class='ocrx_word' id='word_1_116' title='bbox 2151 1797 2386 1842; x_wconf 89' lang='lat' dir='ltr'>erarum</span> 
     </span>
    </p>

    <p class='ocr_par' dir='ltr' id='par_1_7' title="bbox 472 1861 2259 2116">
     <span class='ocr_line' id='line_1_19' title="bbox 472 1861 2259 1947; baseline 0.001 -24"><span class='ocrx_word' id='word_1_117' title='bbox 472 1876 570 1925; x_wconf 85' lang='lat'>110</span> <span class='ocrx_word' id='word_1_118' title='bbox 600 1861 859 1927; x_wconf 86' lang='lat' dir='ltr'>Viribus</span> <span class='ocrx_word' id='word_1_119' title='bbox 905 1861 1132 1926; x_wconf 78' lang='lat' dir='ltr'>editior</span> <span class='ocrx_word' id='word_1_120' title='bbox 1175 1861 1508 1944; x_wconf 86' lang='lat' dir='ltr'>caedebat,</span> <span class='ocrx_word' id='word_1_121' title='bbox 1551 1864 1625 1925; x_wconf 90' lang='lat' dir='ltr'>ut</span> <span class='ocrx_word' id='word_1_122' title='bbox 1665 1862 1736 1925; x_wconf 95' lang='lat' dir='ltr'>in</span> <span class='ocrx_word' id='word_1_123' title='bbox 1778 1882 1974 1947; x_wconf 85' lang='lat' dir='ltr'>grege</span> <span class='ocrx_word' id='word_1_124' title='bbox 2017 1863 2259 1926; x_wconf 87' lang='lat' dir='ltr'>taurus.</span> 
     </span>
     <span class='ocr_line' id='line_1_20' title="bbox 595 1945 2201 2030; baseline -0.001 -20"><span class='ocrx_word' id='word_1_125' title='bbox 595 1946 742 2010; x_wconf 86' lang='lat' dir='ltr'>Iura</span> <span class='ocrx_word' id='word_1_126' title='bbox 782 1947 1048 2010; x_wconf 86' lang='lat' dir='ltr'>inventa</span> <span class='ocrx_word' id='word_1_127' title='bbox 1088 1948 1264 2010; x_wconf 88' lang='lat' dir='ltr'>metu</span> <span class='ocrx_word' id='word_1_128' title='bbox 1305 1945 1529 2010; x_wconf 89' lang='lat' dir='ltr'>iniusti</span> <span class='ocrx_word' id='word_1_129' title='bbox 1569 1945 1806 2009; x_wconf 79' lang='lat' dir='ltr'>fateare</span> <span class='ocrx_word' id='word_1_130' title='bbox 1848 1948 2201 2030; x_wconf 81' lang='lat' dir='ltr'>necessest,</span> 
     </span>
     <span class='ocr_line' id='line_1_21' title="bbox 596 2029 2189 2116; baseline 0.001 -22"><span class='ocrx_word' id='word_1_131' title='bbox 596 2032 909 2116; x_wconf 87' lang='lat' dir='ltr'>Tempora</span> <span class='ocrx_word' id='word_1_132' title='bbox 951 2031 1006 2096; x_wconf 89' lang='lat' dir='ltr'>si</span> <span class='ocrx_word' id='word_1_133' title='bbox 1046 2032 1373 2114; x_wconf 85' lang='lat' dir='ltr'>fastosque</span> <span class='ocrx_word' id='word_1_134' title='bbox 1414 2031 1572 2095; x_wconf 83' lang='lat' dir='ltr'>velis</span> <span class='ocrx_word' id='word_1_135' title='bbox 1618 2031 1904 2095; x_wconf 83' lang='lat' dir='ltr'>evolvere</span> <span class='ocrx_word' id='word_1_136' title='bbox 1946 2029 2189 2096; x_wconf 83' lang='lat' dir='ltr'>mundi.</span> 
     </span>
    </p>

    <p class='ocr_par' dir='ltr' id='par_1_8' title="bbox 472 2115 2439 3358">
     <span class='ocr_line' id='line_1_22' title="bbox 595 2115 2205 2199; baseline -0.002 -18"><span class='ocrx_word' id='word_1_137' title='bbox 595 2115 657 2181; x_wconf 92' lang='lat' dir='ltr'>N</span> <span class='ocrx_word' id='word_1_138' title='bbox 662 2137 733 2181; x_wconf 93' lang='lat' dir='ltr'>ec</span> <span class='ocrx_word' id='word_1_139' title='bbox 774 2117 1003 2179; x_wconf 89' lang='lat' dir='ltr'>natura</span> <span class='ocrx_word' id='word_1_140' title='bbox 1043 2117 1259 2199; x_wconf 88' lang='lat' dir='ltr'>potest</span> <span class='ocrx_word' id='word_1_141' title='bbox 1300 2115 1469 2179; x_wconf 89' lang='lat' dir='ltr'>iusto</span> <span class='ocrx_word' id='word_1_142' title='bbox 1500 2116 1840 2180; x_wconf 75' lang='lat' dir='ltr'>&#39;secernere</span> <span class='ocrx_word' id='word_1_143' title='bbox 1882 2115 2205 2198; x_wconf 86' lang='lat' dir='ltr'>iniquum,</span> 
     </span>
     <span class='ocr_line' id='line_1_23' title="bbox 596 2197 2217 2284; baseline -0.001 -21"><span class='ocrx_word' id='word_1_144' title='bbox 596 2198 841 2264; x_wconf 83' lang='lat' dir='ltr'>Dividit</span> <span class='ocrx_word' id='word_1_145' title='bbox 880 2201 954 2265; x_wconf 91' lang='lat' dir='ltr'>ut</span> <span class='ocrx_word' id='word_1_146' title='bbox 994 2199 1164 2264; x_wconf 88' lang='lat' dir='ltr'>bona</span> <span class='ocrx_word' id='word_1_147' title='bbox 1208 2199 1502 2281; x_wconf 84' lang='lat' dir='ltr'>diversis,</span> <span class='ocrx_word' id='word_1_148' title='bbox 1545 2198 1851 2283; x_wconf 86' lang='lat' dir='ltr'>fugienda</span> <span class='ocrx_word' id='word_1_149' title='bbox 1892 2197 2217 2284; x_wconf 82' lang='lat' dir='ltr'>petendis3</span> 
     </span>
     <span class='ocr_line' id='line_1_24' title="bbox 473 2283 2382 2367; baseline 0.001 -21"><span class='ocrx_word' id='word_1_150' title='bbox 473 2297 569 2346; x_wconf 84' lang='lat'>115</span> <span class='ocrx_word' id='word_1_151' title='bbox 598 2283 662 2349; x_wconf 91' lang='lat' dir='ltr'>N</span> <span class='ocrx_word' id='word_1_152' title='bbox 666 2304 736 2348; x_wconf 91' lang='lat' dir='ltr'>ec</span> <span class='ocrx_word' id='word_1_153' title='bbox 756 2284 970 2348; x_wconf 86' lang='lat' dir='ltr'>vincet</span> <span class='ocrx_word' id='word_1_154' title='bbox 988 2284 1149 2348; x_wconf 86' lang='lat' dir='ltr'>ratio</span> <span class='ocrx_word' id='word_1_155' title='bbox 1172 2284 1315 2367; x_wconf 85' lang='lat' dir='ltr'>hoc,</span> <span class='ocrx_word' id='word_1_156' title='bbox 1344 2283 1720 2347; x_wconf 88' lang='lat' dir='ltr'>tantundem</span> <span class='ocrx_word' id='word_1_157' title='bbox 1737 2286 1810 2348; x_wconf 90' lang='lat' dir='ltr'>ut</span> <span class='ocrx_word' id='word_1_158' title='bbox 1927 2285 2065 2347; x_wconf 90' lang='lat' dir='ltr'>ccet</span> <span class='ocrx_word' id='word_1_159' title='bbox 2084 2283 2382 2367; x_wconf 70' lang='lat' dir='ltr'>idemque</span> 
     </span>
     <span class='ocr_line' id='line_1_25' title="bbox 597 2367 2035 2452; baseline -0.001 -20"><span class='ocrx_word' id='word_1_160' title='bbox 597 2368 720 2442; x_wconf 85' lang='lat' dir='ltr'>Qui</span> <span class='ocrx_word' id='word_1_161' title='bbox 761 2370 1017 2432; x_wconf 90' lang='lat' dir='ltr'>teneros</span> <span class='ocrx_word' id='word_1_162' title='bbox 1063 2369 1273 2433; x_wconf 86' lang='lat' dir='ltr'>caules</span> <span class='ocrx_word' id='word_1_163' title='bbox 1317 2368 1511 2432; x_wconf 86' lang='lat' dir='ltr'>alieni</span> <span class='ocrx_word' id='word_1_164' title='bbox 1553 2367 1819 2452; x_wconf 84' lang='lat' dir='ltr'>fregerit</span> <span class='ocrx_word' id='word_1_165' title='bbox 1908 2367 2035 2431; x_wconf 91' lang='lat' dir='ltr'>orti</span> 
     </span>
     <span class='ocr_line' id='line_1_26' title="bbox 595 2451 2268 2536; baseline 0.001 -21"><span class='ocrx_word' id='word_1_166' title='bbox 595 2451 684 2516; x_wconf 87' lang='lat' dir='ltr'>Et</span> <span class='ocrx_word' id='word_1_167' title='bbox 727 2451 835 2535; x_wconf 89' lang='lat' dir='ltr'>qui</span> <span class='ocrx_word' id='word_1_168' title='bbox 876 2455 1226 2517; x_wconf 87' lang='lat' dir='ltr'>nocturnus</span> <span class='ocrx_word' id='word_1_169' title='bbox 1271 2473 1452 2517; x_wconf 89' lang='lat' dir='ltr'>sacra</span> <span class='ocrx_word' id='word_1_170' title='bbox 1495 2451 1711 2516; x_wconf 82' lang='lat' dir='ltr'>divum</span> <span class='ocrx_word' id='word_1_171' title='bbox 1753 2451 2000 2536; x_wconf 88' lang='lat' dir='ltr'>legerit.</span> <span class='ocrx_word' id='word_1_172' title='bbox 2073 2451 2268 2516; x_wconf 87' lang='lat' dir='ltr'>Adsit</span> 
     </span>
     <span class='ocr_line' id='line_1_27' title="bbox 594 2535 2288 2621; baseline 0.001 -21"><span class='ocrx_word' id='word_1_173' title='bbox 594 2535 872 2621; x_wconf 81' lang='lat' dir='ltr'>Regula,</span> <span class='ocrx_word' id='word_1_174' title='bbox 915 2536 1195 2619; x_wconf 86' lang='lat' dir='ltr'>peccatis</span> <span class='ocrx_word' id='word_1_175' title='bbox 1239 2557 1400 2620; x_wconf 89' lang='lat' dir='ltr'>quae</span> <span class='ocrx_word' id='word_1_176' title='bbox 1441 2557 1680 2619; x_wconf 84' lang='lat' dir='ltr'>poenas</span> <span class='ocrx_word' id='word_1_177' title='bbox 1724 2536 1979 2620; x_wconf 89' lang='lat' dir='ltr'>inroget</span> <span class='ocrx_word' id='word_1_178' title='bbox 2021 2556 2095 2599; x_wconf 89' lang='lat' dir='ltr'>ae</span> <span class='ocrx_word' id='word_1_179' title='bbox 2140 2558 2288 2619; x_wconf 83' lang='lat' dir='ltr'>uas,</span> 
     </span>
     <span class='ocr_line' id='line_1_28' title="bbox 593 2619 2227 2706; baseline 0.001 -21"><span class='ocrx_word' id='word_1_180' title='bbox 593 2619 658 2685; x_wconf 92' lang='lat' dir='ltr'>N</span> <span class='ocrx_word' id='word_1_181' title='bbox 663 2641 697 2684; x_wconf 89' lang='lat' dir='ltr'>c</span> <span class='ocrx_word' id='word_1_182' title='bbox 742 2620 981 2685; x_wconf 89' lang='lat' dir='ltr'>scutica</span> <span class='ocrx_word' id='word_1_183' title='bbox 1023 2620 1288 2706; x_wconf 85' lang='lat' dir='ltr'>dignum</span> <span class='ocrx_word' id='word_1_184' title='bbox 1331 2620 1623 2685; x_wconf 90' lang='lat' dir='ltr'>horribili</span> <span class='ocrx_word' id='word_1_185' title='bbox 1667 2621 1906 2684; x_wconf 88' lang='lat' dir='ltr'>sectere</span> <span class='ocrx_word' id='word_1_186' title='bbox 1949 2619 2114 2705; x_wconf 89' lang='lat' dir='ltr'>flage</span> <span class='ocrx_word' id='word_1_187' title='bbox 2169 2642 2227 2686; x_wconf 88' lang='lat'>0.</span> 
     </span>
     <span class='ocr_line' id='line_1_29' title="bbox 473 2703 2273 2770; baseline 0.002 -4"><span class='ocrx_word' id='word_1_188' title='bbox 473 2718 571 2766; x_wconf 80' lang='lat'>120</span> <span class='ocrx_word' id='word_1_189' title='bbox 597 2704 769 2770; x_wconf 90' lang='lat' dir='ltr'>Nam</span> <span class='ocrx_word' id='word_1_190' title='bbox 809 2706 882 2768; x_wconf 90' lang='lat' dir='ltr'>ut</span> <span class='ocrx_word' id='word_1_191' title='bbox 922 2703 1124 2769; x_wconf 85' lang='lat' dir='ltr'>ferula</span> <span class='ocrx_word' id='word_1_192' title='bbox 1166 2704 1391 2770; x_wconf 90' lang='lat' dir='ltr'>caedas</span> <span class='ocrx_word' id='word_1_193' title='bbox 1434 2705 1730 2768; x_wconf 88' lang='lat' dir='ltr'>meritum</span> <span class='ocrx_word' id='word_1_194' title='bbox 1772 2704 2018 2768; x_wconf 86' lang='lat' dir='ltr'>maiora</span> <span class='ocrx_word' id='word_1_195' title='bbox 2059 2704 2273 2769; x_wconf 87' lang='lat' dir='ltr'>subire</span> 
     </span>
     <span class='ocr_line' id='line_1_30' title="bbox 595 2788 2340 2873; baseline 0 -21"><span class='ocrx_word' id='word_1_196' title='bbox 595 2788 905 2871; x_wconf 85' lang='lat' dir='ltr'>Verbera,</span> <span class='ocrx_word' id='word_1_197' title='bbox 949 2810 1084 2853; x_wconf 93' lang='lat' dir='ltr'>non</span> <span class='ocrx_word' id='word_1_198' title='bbox 1124 2809 1376 2872; x_wconf 83' lang='lat' dir='ltr'>vereor,</span> <span class='ocrx_word' id='word_1_199' title='bbox 1422 2809 1567 2854; x_wconf 90' lang='lat' dir='ltr'>cum</span> <span class='ocrx_word' id='word_1_200' title='bbox 1609 2788 1784 2853; x_wconf 89' lang='lat' dir='ltr'>dicas</span> <span class='ocrx_word' id='word_1_201' title='bbox 1827 2809 1966 2852; x_wconf 88' lang='lat' dir='ltr'>esse</span> <span class='ocrx_word' id='word_1_202' title='bbox 2008 2809 2196 2873; x_wconf 87' lang='lat' dir='ltr'>pares</span> <span class='ocrx_word' id='word_1_203' title='bbox 2238 2809 2340 2852; x_wconf 84' lang='lat' dir='ltr'>res</span> 
     </span>
     <span class='ocr_line' id='line_1_31' title="bbox 594 2872 2126 2957; baseline 0 -21"><span class='ocrx_word' id='word_1_204' title='bbox 594 2872 790 2936; x_wconf 88' lang='lat' dir='ltr'>Furta</span> <span class='ocrx_word' id='word_1_205' title='bbox 831 2872 1181 2938; x_wconf 89' lang='lat' dir='ltr'>latrociniis</span> <span class='ocrx_word' id='word_1_206' title='bbox 1226 2875 1290 2937; x_wconf 90' lang='lat' dir='ltr'>et</span> <span class='ocrx_word' id='word_1_207' title='bbox 1331 2873 1584 2957; x_wconf 88' lang='lat' dir='ltr'>magnis</span> <span class='ocrx_word' id='word_1_208' title='bbox 1627 2895 1822 2956; x_wconf 83' lang='lat' dir='ltr'>parva</span> <span class='ocrx_word' id='word_1_209' title='bbox 1863 2873 2126 2937; x_wconf 88' lang='lat' dir='ltr'>mineris</span> 
     </span>
     <span class='ocr_line' id='line_1_32' title="bbox 594 2956 2122 3042; baseline 0.001 -22"><span class='ocrx_word' id='word_1_210' title='bbox 594 2956 785 3021; x_wconf 87' lang='lat' dir='ltr'>Falce</span> <span class='ocrx_word' id='word_1_211' title='bbox 826 2957 1175 3021; x_wconf 87' lang='lat' dir='ltr'>recisurum</span> <span class='ocrx_word' id='word_1_212' title='bbox 1218 2957 1411 3021; x_wconf 91' lang='lat' dir='ltr'>simili</span> <span class='ocrx_word' id='word_1_213' title='bbox 1455 2960 1548 3040; x_wconf 85' lang='lat' dir='ltr'>te,</span> <span class='ocrx_word' id='word_1_214' title='bbox 1594 2957 1648 3021; x_wconf 95' lang='lat' dir='ltr'>si</span> <span class='ocrx_word' id='word_1_215' title='bbox 1689 2957 1812 3021; x_wconf 90' lang='lat' dir='ltr'>tibi</span> <span class='ocrx_word' id='word_1_216' title='bbox 1851 2978 2122 3042; x_wconf 88' lang='lat' dir='ltr'>regnum</span> 
     </span>
     <span class='ocr_line' id='line_1_33' title="bbox 595 3040 2349 3125; baseline 0 -21"><span class='ocrx_word' id='word_1_217' title='bbox 595 3040 980 3105; x_wconf 88' lang='lat' dir='ltr'>Permittant</span> <span class='ocrx_word' id='word_1_218' title='bbox 1019 3041 1331 3107; x_wconf 88' lang='lat' dir='ltr'>homines.</span> <span class='ocrx_word' id='word_1_219' title='bbox 1407 3041 1475 3107; x_wconf 83' lang='lat' dir='ltr'>Si</span> <span class='ocrx_word' id='word_1_220' title='bbox 1519 3041 1722 3125; x_wconf 84' lang='lat' dir='ltr'>dives,</span> <span class='ocrx_word' id='word_1_221' title='bbox 1769 3042 1876 3125; x_wconf 89' lang='lat' dir='ltr'>qui</span> <span class='ocrx_word' id='word_1_222' title='bbox 1920 3041 2173 3124; x_wconf 89' lang='lat' dir='ltr'>sapiens</span> <span class='ocrx_word' id='word_1_223' title='bbox 2220 3044 2349 3124; x_wconf 89' lang='lat' dir='ltr'>est,</span> 
     </span>
     <span class='ocr_line' id='line_1_34' title="bbox 472 3123 2270 3207; baseline 0.001 -20"><span class='ocrx_word' id='word_1_224' title='bbox 472 3138 569 3187; x_wconf 76' lang='lat'>125</span> <span class='ocrx_word' id='word_1_225' title='bbox 596 3123 685 3189; x_wconf 85' lang='lat' dir='ltr'>Et</span> <span class='ocrx_word' id='word_1_226' title='bbox 726 3127 905 3188; x_wconf 89' lang='lat' dir='ltr'>sutor</span> <span class='ocrx_word' id='word_1_227' title='bbox 946 3124 1151 3190; x_wconf 90' lang='lat' dir='ltr'>bonus</span> <span class='ocrx_word' id='word_1_228' title='bbox 1195 3127 1262 3190; x_wconf 91' lang='lat' dir='ltr'>et</span> <span class='ocrx_word' id='word_1_229' title='bbox 1305 3125 1478 3190; x_wconf 89' lang='lat' dir='ltr'>solus</span> <span class='ocrx_word' id='word_1_230' title='bbox 1521 3125 1838 3190; x_wconf 88' lang='lat' dir='ltr'>formosus</span> <span class='ocrx_word' id='word_1_231' title='bbox 1883 3128 1949 3189; x_wconf 92' lang='lat' dir='ltr'>et</span> <span class='ocrx_word' id='word_1_232' title='bbox 1992 3128 2089 3189; x_wconf 91' lang='lat' dir='ltr'>est</span> <span class='ocrx_word' id='word_1_233' title='bbox 2128 3147 2270 3207; x_wconf 85' lang='lat' dir='ltr'>rex,</span> 
     </span>
     <span class='ocr_line' id='line_1_35' title="bbox 597 3206 2439 3293; baseline -0.002 -19"><span class='ocrx_word' id='word_1_234' title='bbox 597 3208 727 3274; x_wconf 84' lang='lat' dir='ltr'>Cur</span> <span class='ocrx_word' id='word_1_235' title='bbox 770 3211 954 3293; x_wconf 86' lang='lat' dir='ltr'>optas</span> <span class='ocrx_word' id='word_1_236' title='bbox 999 3209 1169 3292; x_wconf 91' lang='lat' dir='ltr'>quod</span> <span class='ocrx_word' id='word_1_237' title='bbox 1208 3209 1450 3274; x_wconf 80' lang='lat' dir='ltr'>habes?</span> <span class='ocrx_word' id='word_1_238' title='bbox 1535 3209 1709 3276; x_wconf 78' lang='lat' dir='ltr'>‘Non</span> <span class='ocrx_word' id='word_1_239' title='bbox 1751 3210 1954 3293; x_wconf 87' lang='lat' dir='ltr'>nosti,</span> <span class='ocrx_word' id='word_1_240' title='bbox 2003 3209 2153 3292; x_wconf 89' lang='lat' dir='ltr'>quid</span> <span class='ocrx_word' id='word_1_241' title='bbox 2196 3206 2381 3293; x_wconf 78' lang='lat' dir='ltr'>pater&#39;</span> <span class='ocrx_word' id='word_1_242' title='bbox 2430 3218 2439 3226; x_wconf 86' lang='grc'><em>“</em></span> 
     </span>
     <span class='ocr_line' id='line_1_36' title="bbox 1678 3294 1889 3358; baseline -0.005 0"><span class='ocrx_word' id='word_1_243' title='bbox 1678 3294 1750 3358; x_wconf 93' lang='lat' dir='ltr'>in</span> <span class='ocrx_word' id='word_1_244' title='bbox 1793 3294 1889 3358; x_wconf 91' lang='lat' dir='ltr'>uit</span> 
     </span>
    </p>

    <p class='ocr_par' dir='ltr' id='par_1_9' title="bbox 595 3315 2394 3526">
     <span class='ocr_line' id='line_1_37' title="bbox 595 3315 2394 3463; baseline -0.001 -20"><span class='ocrx_word' id='word_1_245' title='bbox 595 3376 1013 3460; x_wconf 75' lang='lat' dir='ltr'>‘Chrysippus</span> <span class='ocrx_word' id='word_1_246' title='bbox 1073 3378 1274 3443; x_wconf 85' lang='lat' dir='ltr'>dicat:</span> <span class='ocrx_word' id='word_1_247' title='bbox 1348 3379 1601 3463; x_wconf 84' lang='lat' dir='ltr'>sapiens</span> <span class='ocrx_word' id='word_1_248' title='bbox 1668 3315 1956 3461; x_wconf 55' lang='lat' dir='ltr'>crgpidas</span> <span class='ocrx_word' id='word_1_249' title='bbox 2023 3377 2145 3442; x_wconf 88' lang='lat' dir='ltr'>sibi</span> <span class='ocrx_word' id='word_1_250' title='bbox 2214 3397 2394 3441; x_wconf 90' lang='lat' dir='ltr'>num·</span> 
     </span>
     <span class='ocr_line' id='line_1_38' title="bbox 1724 3484 1874 3526; baseline 0 0"><span class='ocrx_word' id='word_1_251' title='bbox 1724 3484 1874 3526; x_wconf 90' lang='lat' dir='ltr'>uam</span> 
     </span>
    </p>

    <p class='ocr_par' dir='ltr' id='par_1_10' title="bbox 595 3483 2390 3632">
     <span class='ocr_line' id='line_1_39' title="bbox 595 3483 2390 3632; baseline -0.002 -23"><span class='ocrx_word' id='word_1_252' title='bbox 595 3544 732 3610; x_wconf 88' lang='lat' dir='ltr'>Nec</span> <span class='ocrx_word' id='word_1_253' title='bbox 777 3546 983 3610; x_wconf 82' lang='lat' dir='ltr'>soleas</span> <span class='ocrx_word' id='word_1_254' title='bbox 1027 3546 1211 3630; x_wconf 87' lang='lat' dir='ltr'>fecit,</span> <span class='ocrx_word' id='word_1_255' title='bbox 1259 3550 1436 3612; x_wconf 85' lang='lat' dir='ltr'>sutor</span> <span class='ocrx_word' id='word_1_256' title='bbox 1478 3483 1825 3611; x_wconf 77' lang='lat' dir='ltr'>tamenqcst</span> <span class='ocrx_word' id='word_1_257' title='bbox 1852 3547 2150 3632; x_wconf 60' lang='lat' dir='ltr'>sapiens!</span> <span class='ocrx_word' id='word_1_258' title='bbox 2225 3542 2390 3619; x_wconf 71' lang='lat' dir='ltr'>Qui?</span> 
     </span>
    </p>
   </div>
  </div>
 </body>
</html>
