2588 4046
228 273 483 355 xvim]
1017 278 1230 334 LIBER
1273 278 1370 336 111.

448 442 570 517 Qm·
613 441 831 507 Musas
877 443 1049 505 amat
1090 441 1378 525 inpares,

540 525 782 590 Temos
826 528 925 589 ter
970 546 1003 590 c
1047 524 1232 590 athos
1276 527 1586 590 attonitus
1630 528 1806 609 petet

444 609 675 694 Vates;
719 613 849 674 tres
893 547 1190 693 prohibet
1233 630 1424 693 supra

538 694 844 759 Rixarum
886 696 1174 758 metuens
1217 695 1482 779 tangere
1527 691 1766 758 Gratia·

443 811 651 878 Nudis
695 812 913 876 iuncta
957 811 1299 876 sororibus.

540 895 828 961 Insanire
872 896 1073 960 iuvatz
1122 916 1234 960 cur
1275 894 1693 978 Berecyntiae

449 979 722 1047 Cessant
761 980 1024 1044 flamina
1064 978 1302 1043 tibiae?

543 1062 672 1129 Cur
712 1063 968 1149 pendet·
989 1064 1184 1129 tacita
1225 1062 1440 1128 fistula
1484 1084 1625 1128 cum
1678 1061 1858 1146 lyra?

445 1182 789 1247 Parcentes
835 1201 955 1266 ego
1000 1182 1292 1246 dexteras

544 1265 694 1331 Odi:
740 1287 889 1350 spar
935 1286 970 1329 e
1012 1286 1215 1351 rosas3
1266 1264 1482 1330 audiat
1525 1264 1774 1328 invidus

445 1349 826 1414 Dementem
870 1371 900 1413 s
963 1350 1201 1433 epitum
1245 1349 1483 1445 Lycus,

541 1433 631 1498 Et
669 1433 881 1499 vicina
923 1433 1060 1498 seni
1101 1454 1235 1497 non
1276 1432 1510 1497 habihs
1553 1432 1742 1516 Lyco·

449 1551 672 1636 Spissa
712 1553 777 1616 te
819 1550 1095 1615 nitidum
1140 1571 1353 1634 coma,

542 1635 708 1700 Puro
753 1638 818 1699 te
861 1635 1164 1718 similem,
1210 1634 1520 1719 Telephe,
1565 1656 1830 1719 vespero

446 1719 854 1803 Tempestiva
893 1719 1057 1803 petit
1097 1718 1352 1804 Rhode3

542 1802 646 1867 Me
690 1803 900 1868 lentus
947 1801 1254 1886 Glycerae
1297 1806 1499 1867 torret
1542 1822 1720 1867 amor
1762 1824 1958 1869 meae.

1121 2026 1277 2102 XX.

444 2141 602 2208 Non
643 2142 821 2206 vides
864 2144 1102 2225 quanto
1146 2162 1404 2207 moveas
1446 2141 1685 2226 periclo

446 2226 722 2310 Pyrrhe,
770 2224 1071 2290 Gaetulae
1118 2226 1361 2290 catulos
1404 2191 1717 2290 leaenae‘i’,

447 2309 629 2375 Dura
671 2312 822 2393 post
861 2310 1076 2394 paullo
1123 2309 1330 2395 fugies
1374 2309 1650 2374 inaudax

543 2393 795 2458 Proelia
834 2396 1083 2478 raptor,

445 2511 616 2578 Cum
656 2532 770 2596 per
814 2511 1142 2575 obstantes
1185 2512 1487 2576 iuvenum
1531 2514 1808 2576 catervas

445 2595 583 2660 Ibit
624 2595 942 2680 insignem
986 2598 1280 2679 repetens
1323 2593 1720 2660 Nearchum:

446 2678 711 2745 Grande
756 2682 1103 2763 certamen,
1149 2679 1270 2743 tibi
1313 2679 1550 2762 praeda
1594 2679 1803 2762 cedat,

546 2762 755 2827 Maior
798 2784 880 2827 an
922 2763 1053 2827 illa.

445 2880 749 2964 Interim,
794 2880 944 2945 dum
988 2884 1061 2946 tu
1105 2880 1340 2945 celeres
1385 2882 1653 2966 sagittas

443 2965 730 3048 Promis,
772 2963 931 3030 haec
975 2965 1194 3030 dentes
1239 2965 1412 3029 acuit
1452 2965 1799 3050 timendos,

445 3048 713 3114 Arbiter
753 3070 1006 3134 pugnae
1049 3049 1338 3132 posuisse
1379 3049 1551 3113 nudo

547 3132 677 3197 Sub
719 3133 879 3217 pede
921 3133 1200 3217 palmam

446 3249 678 3316 Fertur
719 3252 786 3315 et
825 3250 956 3315 leni
998 3271 1281 3315 recreare
1323 3253 1514 3315 vento

449 3333 758 3417 Sparsum
802 3334 1077 3399 odoratis
1122 3356 1411 3400 umerum
1455 3336 1731 3420 capillis,

450 3416 674 3492 Qualis
717 3420 825 3483 aut
856 3417 1091 3484 Nireus
1133 3419 1258 3483 fuit
1301 3422 1413 3484 aut
1454 3439 1695 3503 aquosa

547 3500 791 3586 Raptus
836 3504 916 3567 ab
960 3502 1090 3567 Ida.

2084 270 2163 336 71

2101 621 2164 670 1⁶

2097 1073 2166 1123 20

2103 2978 2172 3027 10

2107 3433 2169 3481 15
