2588 4046
456 214 575 280 162
1089 213 1118 239 ·
1207 213 1631 270 SATIRARVM
2260 212 2384 285 [m.

450 395 517 443 45
583 380 913 444 Autumat.
1000 377 1180 443 Haec
1222 377 1528 462 populos,
1584 375 1742 440 haec
1783 396 2052 461 magnos
2105 373 2388 439 formula

1672 481 1741 523 re
1827 481 1856 523 s

581 548 870 632 Excepto
917 546 1231 630 sapiente,
1275 546 1472 610 tenet.
1558 543 1625 610 N
1626 481 2039 691 uncggcbipe,
2085 563 2276 626 quare

579 632 920 716 Desipiant
962 650 1182 695 omnes
1226 650 1423 713 aeque
1467 648 1542 693 ac
1585 630 1684 711 tu,
1729 628 1838 711 qui
1878 629 1932 692 ti
1976 650 2000 691 1
2039 647 2277 691 nomen

580 717 821 781 Insano
864 735 1153 799 posuere.
1238 711 1437 777 Velut
1478 712 1685 794 silvis,
1728 712 1839 775 ubi
1881 711 2120 796 passim

579 800 879 865 Palantes
925 819 1100 863 error
1144 799 1318 863 certo
1364 797 1442 861 de
1484 795 1740 860 tramite
1829 796 1994 879 ellit,

456 897 524 948 60
588 885 707 950 Ille
730 883 1187 965 sinistrorsum,
1218 880 1326 946 hic
1346 881 1745 945 dextrorsum
1767 901 1807 943 a
1850 879 1922 963 it,
1943 900 2109 944 unus
2131 878 2393 962 utrique

583 969 813 1052 Error,
858 966 970 1032 sed
1012 966 1205 1031 variis
1248 964 1484 1029 inludit
1525 964 1843 1061 partibus:
1887 963 2012 1028 hoc
2053 965 2118 1028 te

582 1052 779 1118 Crede
819 1051 1007 1115 modo
1051 1050 1379 1132 insanum,
1422 1046 1626 1112 nihilo
1670 1050 1742 1112 ut
1785 1047 2136 1132 sapientior
2177 1047 2290 1111 ille
2302 1096 2325 1130 ,

582 1136 707 1212 Qui
747 1138 812 1200 te
857 1134 1129 1216 deridet,
1174 1133 1443 1198 caudam
1484 1131 1716 1196 trahat.
1788 1131 1912 1196 Est
1952 1152 2155 1217 genus
2184 1152 2394 1196 unum

583 1219 904 1286 Stultitiae
945 1216 1219 1282 nihilum
1262 1215 1603 1281 metuenda
1642 1216 1927 1280 timentis
1937 1264 1956 1299 ,
2000 1217 2074 1280 ut
2116 1215 2339 1300 ignes,

454 1317 521 1368 55
585 1304 676 1369 Vt
717 1324 906 1387 rupes
949 1301 1300 1384 fluviosque
1340 1301 1411 1365 in
1453 1320 1678 1385 campo
1724 1300 1980 1365 obstare
2023 1302 2352 1384 queratur.

582 1388 878 1452 Alterum
921 1388 987 1450 et
1024 1384 1175 1450 huic
1216 1406 1438 1449 varum
1468 1387 1532 1449 et
1573 1383 1776 1448 nihilo
1808 1384 2157 1469 sapientius
2200 1384 2395 1469 ignes

581 1472 705 1536 Per
745 1469 987 1535 medios
1029 1469 1381 1553 fluviosque
1422 1468 1696 1533 ruentis:
1743 1468 1978 1533 clamet
2018 1468 2221 1533 amica

581 1554 791 1619 Mater
872 1553 1146 1618 honesta
1188 1573 1370 1617 soror
1414 1573 1558 1618 cum
1600 1552 1924 1638 cognatiS,
1973 1555 2182 1637 pater,
2225 1574 2399 1618 uxor

585 1639 734 1705 ‘Hic
777 1604 952 1703 fossa
981 1640 1078 1702 est
1118 1639 1380 1723 ingens,
1422 1636 1531 1701 hic
1562 1659 1635 1701 ru
1683 1658 1750 1701 es
1794 1637 2100 1703 maxima:
2145 1640 2393 1704 serva!⁵

456 1738 525 1787 oo
585 1723 740 1790 Non
781 1722 990 1808 magis
1035 1721 1333 1804 audierit,
1379 1741 1570 1805 quam
1754 1743 1829 1786 us
1875 1721 2083 1785 ebrius
2128 1721 2287 1785 olim
2300 1771 2322 1806 ,

585 1806 749 1873 Cum
791 1807 1064 1872 Ilionam
1108 1805 1407 1889 edormit,
1455 1804 1739 1871 Catienis
1782 1806 1958 1869 mille
2003 1805 2295 1870 ducentis

588 1891 820 1956 ‘Mater
828 1940 847 1975 ,
878 1893 942 1955 te
966 1889 1240 1974 adpello’
1290 1890 1730 1955 clamantibus.
1805 1889 1974 1955 Huic
2005 1910 2126 1976 ego
2156 1889 2395 1975 volgus

583 1975 806 2041 Errori
849 1974 1123 2040 similem
1168 1976 1467 2040 cunctum
1508 1973 1790 2039 insanire
1833 1973 2095 2040 docebo.

582 2060 834 2125 Insanit
875 2061 1118 2124 veteres
1163 2062 1408 2123 statuas
1449 2057 1877 2144 Damasippus
1924 2059 2226 2125 emendo:

456 2155 523 2207 65
588 2144 849 2241 Integer
893 2145 988 2207 est
1028 2143 1260 2207 mentis
1303 2141 1564 2207 Damasi
1608 2143 1678 2227 pi
1721 2143 2036 2208 creditor?
2103 2142 2291 2209 Esto.

586 2228 849 2312 ‘Accrpe
878 2226 1051 2310 quod
1069 2248 1417 2311 numquam
1445 2227 1557 2291 red
1601 2249 1672 2292 as
1700 2226 1883 2292 mihi'
1916 2227 1972 2292 si
1999 2228 2120 2292 tibi
2149 2228 2390 2294 dicam:

584 2311 765 2376 Tune
807 2311 1071 2375 insanus
1115 2312 1238 2376 eris
1283 2310 1340 2375 si
1384 2311 1733 2396 acceperiS,
1788 2333 1873 2376 an
1914 2312 2120 2410 magis
2167 2333 2392 2378 excors

583 2394 846 2460 Reiecta
886 2395 1153 2479 praeda,
1199 2416 1391 2479 quam
1432 2417 1733 2479 praesens
1775 2394 2128 2461 Mercunus
2172 2396 2343 2462 fert?

586 2478 804 2544 Scribe
834 2479 1051 2544 decem
1080 2501 1120 2544 a
1146 2478 1373 2546 Nerio:
1416 2500 1551 2544 non
1580 2482 1677 2545 est
1707 2480 1888 2566 satis3
1933 2480 2093 2545 adde
2124 2479 2393 2547 Cicutae

456 2576 525 2627 ’10
588 2563 653 2629 N
656 2564 834 2628 odosi
877 2564 1128 2628 tabulas
1173 2566 1457 2647 centum,
1501 2564 1677 2628 mille
1725 2564 1887 2628 adde
1931 2567 2218 2651 catenas3

585 2647 872 2734 Effugiet
912 2651 1130 2713 tamen
1169 2647 1328 2713 haec
1373 2648 1714 2715 sceleratus
1757 2648 2013 2714 vincula
2053 2649 2342 2716 Proteus.

586 2729 749 2796 Cum
792 2732 1001 2816 rapies
1044 2733 1115 2797 in
1157 2731 1255 2797 ius
1300 2732 1486 2796 malis
1529 2733 1845 2798 ridentem
1889 2733 2143 2817 alienis,

584 2814 728 2880 Fiet
755 2838 936 2901 aper,
979 2817 1168 2881 modo
1201 2816 1370 2901 avis,
1413 2816 1602 2881 modo
1635 2839 1859 2966 saxgm
1888 2819 1979 2902 et,
2024 2839 2167 2882 cum
2197 2819 2391 2901 volet,

1678 2923 1747 2966 ar
1794 2923 1884 2967 or.

587 2983 657 3049 Si
698 2984 865 3049 male
907 3005 1042 3048 rem
1085 3006 1305 3070 gerere
1349 2985 1650 3069 insanist,
1697 2989 1920 3050 contra
1961 2986 2155 3068 bene,
2214 2986 2389 3052 sani:

457 3078 525 3131 ‘15
587 3067 879 3133 Putidius
921 3069 1123 3133 multo
1169 3069 1587 3153 cerebrumst,
1633 3069 1790 3134 mihi
1835 3070 2017 3136 crede
2027 3119 2048 3155 ,
2092 3070 2312 3135 Perilli

587 3150 938 3236 Dictantis,
984 3152 1153 3237 quod
1194 3157 1266 3217 tu
1309 3175 1657 3239 numquam
1684 3155 2030 3220 rescribere
2072 3154 2300 3239 possis.

584 3235 826 3301 Audire
871 3239 1059 3320 atque
1103 3240 1323 3323 togam
1366 3238 1552 3303 iubeo
1595 3259 1980 3323 conponere,
2027 3239 2313 3323 quisquis

583 3320 956 3385 Ambitione
996 3320 1169 3386 mala
1212 3324 1322 3385 aut
1363 3322 1615 3408 argenti
1656 3324 1856 3407 pallet
1898 3344 2143 3408 amore,

585 3404 885 3487 Quisquis
929 3404 1178 3470 luxuria
1218 3405 1466 3472 tristive
1511 3407 1961 3492 superstitione

449 3499 525 3550 80
586 3488 722 3552 Aut
763 3488 887 3552 alio
932 3489 1164 3553 mentis
1207 3491 1432 3556 morbo
1477 3492 1669 3578 calet3
1714 3492 1839 3559 huc
1879 3492 2143 3578 propius
2188 3512 2318 3573 me,
