2588 4046
475 246 594 310 112
1302 247 1598 305 EPODON

627 412 800 476 Diris
844 433 1030 498 agam
1072 432 1215 495 vos3
1262 411 1400 475 dira
1442 409 1778 476 detestatio

513 511 580 560 90
705 496 901 562 Nulla
947 496 1234 580 expiatur
1276 495 1552 560 victima.

629 580 797 656 Quin
812 629 830 664 ,
875 580 986 645 ubi
1028 580 1234 664 perire
1277 579 1487 643 iussus
1532 579 1962 662 exspiravere,

712 664 1081 730 Nocturnus
1126 684 1453 729 occurram
1487 661 1690 728 Furor
1697 711 1719 760 2

625 748 974 831 Petamque
1015 748 1224 812 voltus
1267 747 1497 812 umbra
1538 767 1747 812 curvis
1791 747 2143 832 unguibus,

714 832 890 907 Quae
932 831 1029 896 vis
1074 831 1400 896 deorumst
1433 830 1722 896 Manium

513 930 580 978 95
623 917 712 982 Et
752 916 1053 999 inquietis
1097 915 1392 980 adsidens
1444 880 1831 999 praecordiis

710 1001 954 1065 Pavore
1000 1020 1258 1064 somnos
1305 999 1606 1065 auferam.

626 1084 761 1150 Vos
803 1084 990 1148 turba
1031 1084 1292 1149 vicatim
1333 1083 1486 1149 hine
1529 1087 1595 1148 et
1635 1083 1787 1149 hinc
1831 1084 1997 1149 saxis
2040 1087 2269 1168 petens

713 1168 1080 1234 Contundet
1123 1168 1431 1233 obscenas
1476 1189 1665 1253 anus3

626 1253 784 1318 Post
825 1252 1144 1336 insepulta
1184 1252 1472 1317 membra
1515 1251 1809 1317 different
1856 1253 1992 1335 lupi

478 1349 574 1399 100
713 1337 802 1402 Et
840 1336 1212 1420 Esquilinae
1256 1337 1469 1421 alites,

628 1420 727 1487 Ne
771 1442 851 1484 ue
892 1420 1016 1486 hoe
1057 1423 1388 1504 parentes,
1430 1420 1557 1484 heu
1599 1420 1760 1484 mihi
1804 1420 2207 1506 superstites,

773 1505 1029 1589 ffugerit
1071 1505 1546 1589 spectaculum?

1367 1793 1488 1869 v1.
2179 1773 2192 1810 “

630 1926 796 2003 Quid
840 1926 1223 1990 inmerentes
1266 1924 1552 2009 hospites
1596 1946 1818 2010 vexas,
1864 1927 2040 1991 oanis

713 2010 994 2096 Ignavus
1039 2009 1373 2075 adversum
1416 2009 1645 2094 lupos?

630 2094 799 2171 Quin
841 2095 965 2161 hue
1007 2095 1261 2179 inanes,
1308 2095 1364 2158 si
1406 2097 1618 2179 potes,
1664 2096 1856 2159 vertis
1901 2095 2143 2179 minas,

712 2179 801 2244 Et
841 2200 944 2242 me
986 2199 1415 2244 remorsurum
1457 2177 1668 2261 petis?

544 2276 576 2325 5
628 2262 797 2328 Nam
841 2263 1046 2346 qualis
1089 2266 1201 2327 aut
1241 2263 1560 2327 Molossus
1605 2264 1717 2326 aut
1757 2263 1968 2328 fulvus
2013 2263 2182 2329 Laco
2191 2309 2210 2343 ,

712 2347 938 2412 Amica
979 2347 1075 2411 vis
1116 2347 1510 2430 pastoribus,

628 2432 842 2515 Agam
884 2453 1000 2514 per
1042 2431 1203 2495 altas
1249 2452 1398 2495 aure
1443 2430 1694 2496 sublata
1736 2432 1915 2496 nives
1932 2480 1951 2515 ,

718 2514 1162 2598 Quaecumque
1250 2515 1543 2580 raecedet
1583 2515 1746 2600 fera3

629 2598 725 2662 Tu
801 2619 946 2663 oum
987 2599 1186 2663 timen
1231 2619 1271 2662 a
1314 2619 1468 2663 vooe
1512 2600 1824 2683 conplesti
1863 2621 2116 2683 nemus,

522 2695 586 2744 ιο
713 2646 1075 2748 l5roieetum
1120 2682 1406 2747 odoraris
1450 2682 1680 2748 eibum.

632 2765 832 2849 Cave,
879 2787 1061 2831 eave:
1113 2787 1390 2850 namque
1432 2767 1502 2831 in
1544 2767 1749 2831 malos
1793 2768 2181 2851 asperrimus

713 2850 948 2914 Parata
988 2850 1147 2915 tollo
1193 2871 1462 2934 cornua,

631 2934 850 3010 Qualis
893 2934 1251 3018 Lycambae
1296 2956 1325 2999 s
1371 2936 1544 2999 retus
1586 2934 1782 2999 infido
1827 2955 2053 3020 gener,

712 3019 847 3081 Aut
889 3040 1032 3083 aoer
1073 3018 1276 3083 hostis
1379 3018 1588 3102 upa10.

521 3115 582 3163 15
633 3102 768 3184 An,
814 3102 1010 3187 siquis
1054 3106 1194 3167 atro
1239 3103 1428 3167 dente
1470 3124 1571 3167 me
1613 3101 1937 3188 petiverit,

685 3185 935 3251 Inultus
980 3189 1054 3252 ut
1092 3186 1257 3252 flebo
1302 3187 1504 3270 puer?
