2588 4046
187 233 310 309 [η]
991 230 1206 288 LIBER
1246 231 1318 290 Π.
1990 232 2117 298 239

186 395 505 463 andibus
549 396 616 460 et
656 395 828 460 victu
872 394 1058 460 foedo
1105 395 1412 461 deterruit
1455 395 1776 482 Orpheus,

185 479 414 545 Dictus
458 479 542 546 ob
585 478 708 545 hoc
751 479 951 544 lenire
994 479 1192 564 tigres
1235 479 1489 545 rabidos
1535 502 1614 546 ue
1656 482 1891 548 leones.

184 564 414 630 Dictus
459 566 523 629 et
564 562 923 647 Amphion,
968 561 1312 629 Thebanae
1356 585 1480 629 con
1529 566 1649 630 ’tor
1683 567 1885 650 urbis,

185 648 354 713 Saxa
394 667 648 713 movere
691 668 851 712 sono
895 647 1234 713 testudinis
1277 651 1343 713 et
1384 669 1571 732 prece
1614 649 1846 715 blanda
2012 664 2111 717 395

184 732 453 816 Ducere,
499 752 623 815 quo
653 732 862 797 vellet.
922 730 1073 797 Fuit
1113 731 1271 798 haec
1301 733 1617 817 sapientia
1644 736 1983 832 quondam,

184 816 453 883 Publica
495 815 759 900 privatis
803 836 1126 881 secernere
1140 864 1160 899 ,
1206 837 1387 883 sacra
1425 818 1742 902 profanis,

185 900 549 968 Concubitu
632 900 926 965 rohibere
966 922 1132 985 vago
1208 901 1358 966 dare
1399 901 1539 968 iura
1579 904 1853 987 maritis,

186 984 440 1083 Oppida
481 922 722 1068 moliri,
766 984 943 1069 leges
985 984 1116 1082 inci
1151 1005 1264 1082 ‚ere
1308 986 1506 1134 liffino.

187 1069 292 1136 Slc
335 1068 542 1134 honor
585 1071 649 1134 et
689 1089 927 1134 nomen
970 1067 1201 1134 divmls
1245 1072 1376 1134 vat1
1420 1092 1495 1135 us
1541 1093 1579 1135 a
1651 1093 1731 1137 ue
2010 1086 2112 1137 400

186 1152 589 1221 Carminibus
630 1152 823 1219 venit.
909 1152 1067 1219 Post
1107 1152 1226 1218 hos
1267 1153 1543 1240 insignis
1579 1073 1901 1223 *flomerus

186 1238 239 1303 Τ
418 1258 616 1321 usque
659 1257 864 1302 mares
909 1238 1154 1302 animos
1196 1238 1266 1302 in
1309 1238 1543 1306 Martia
1585 1239 1753 1305 bella

246 1321 492 1388 ersibus
536 1321 812 1405 exacuit3
860 1321 1065 1387 dictae
1108 1343 1223 1405 per
1264 1324 1548 1389 carmina
1590 1327 1821 1410 sortes,

184 1406 272 1471 Et
313 1406 481 1470 vitae
523 1408 874 1470 monstrata
917 1406 1107 1489 viast,
1154 1408 1219 1471 et
1259 1408 1470 1491 gratia
1509 1430 1736 1494 regum

184 1489 410 1556 Pieriis
452 1492 761 1575 temptata
801 1489 1037 1572 modis,
1082 1489 1393 1574 ludusque
1436 1496 1752 1578 repertus,
2009 1508 2109 1559 405

184 1574 270 1639 Et
313 1574 654 1671 longorum
696 1594 960 1658 operum
1002 1573 1180 1638 finis:
1224 1596 1306 1639 ne
1351 1576 1515 1639 forte
1557 1578 1785 1660 pudori

185 1658 283 1724 Sit
326 1657 446 1722 tib1
488 1657 674 1723 Musa
715 1658 890 1741 lyrae
933 1658 1156 1723 sollers
1199 1662 1265 1723 et
1309 1661 1533 1724 cantor
1574 1660 1832 1745 Apollo.

180 1742 432 1809 Natura
473 1742 652 1807 fieret
693 1741 1008 1807 laudabile
1051 1762 1306 1807 carmen
1348 1764 1433 1807 an
1475 1746 1637 1828 arte,

181 1827 648 1903 Quaesitumst:
692 1847 812 1911 ego
855 1847 974 1892 nec
1017 1826 1298 1891 studium
1341 1828 1479 1892 sine
1522 1828 1717 1893 divite
1760 1851 1922 1894 vena
1924 1879 1951 1927 ,

180 1911 321 1978 Nec
348 1910 506 1975 rude
549 1910 699 1995 quid
741 1910 947 1996 possit
975 1911 1156 1975 video
1189 1911 1552 1996 ingenium:
1598 1912 1855 1979 alterius
1886 1936 1977 1980 slc
2007 1927 2109 1978 410

181 1997 406 2062 Altera
447 1996 655 2080 poscit
697 2015 884 2080 opem
924 2015 1028 2061 res
1072 1997 1137 2061 et
1178 1996 1469 2062 coniurat
1512 1996 1731 2063 amice.

181 2081 306 2157 Qui
352 2080 567 2145 studet
609 2083 896 2166 optatam
939 2102 1129 2147 cursu
1170 2081 1543 2167 contingere
1584 2085 1852 2166 metam,

178 2166 390 2231 Multa
432 2165 580 2229 tulit
617 2164 890 2249 fecitque
934 2185 1118 2250 puer,
1163 2166 1414 2231 sudavit
1456 2168 1520 2231 et
1564 2167 1740 2250 alsit,

177 2249 516 2314 Abstinuit
557 2270 785 2314 venere
829 2251 892 2314 et
933 2249 1110 2333 vin03
1160 2249 1270 2333 qui
1311 2249 1544 2334 Pythia
1586 2255 1804 2316 cantat

178 2333 477 2417 Tibicen,
523 2333 745 2400 didicit
783 2333 960 2418 prius
1004 2333 1421 2418 extimuitque
1463 2335 1861 2420 magistrum.
2007 2348 2107 2400 415

177 2418 320 2485 Nec
363 2417 523 2482 satis
566 2420 665 2483 est
707 2415 940 2482 dixisse
985 2421 1130 2515 ‘ego
1173 2418 1337 2482 mira
1376 2423 1676 2503 poemata
1763 2441 1963 2506 ang03

178 2503 469 2587 Occupet
511 2504 859 2567 extremum
902 2501 1174 2586 scab1e83
1217 2502 1379 2567 mihi
1421 2506 1604 2587 turpe
1644 2524 1712 2568 re
1745 2504 1758 2517 ’
1810 2505 2009 2588 quiet,

174 2586 265 2652 Et
310 2585 483 2670 quod
525 2607 659 2652 non
700 2585 895 2652 didici
938 2607 1090 2652 sane
1131 2586 1377 2652 nescire
1419 2587 1647 2654 fateri?

175 2670 267 2737 Vt
310 2691 569 2754 praece,
614 2670 696 2737 ad
723 2691 963 2736 merces
1005 2670 1258 2736 turbam
1303 2672 1411 2768 qui
1444 2672 1620 2756 cogit
1648 2672 1977 2756 emendas,

174 2755 640 2820 Adsentatores
683 2754 860 2820 iubet
901 2755 984 2820 ad
1024 2755 1270 2820 lucrum
1314 2777 1406 2820 ire
1446 2760 1638 2841 poeta
2003 2768 2105 2820 420

174 2838 378 2904 Dives
423 2839 624 2924 agris,
668 2839 843 2904 dives
884 2840 1113 2924 positis
1156 2840 1226 2904 in
1267 2840 1487 2905 fenore
1527 2840 1824 2905 nummis.

174 2923 242 2990 Si
287 2925 535 3007 verost,
578 2926 842 2988 unctum
886 2924 995 3008 qui
1037 2926 1207 2988 recte
1248 2945 1485 3007 ponere
1525 2925 1732 3008 possit

172 3007 263 3072 Et
310 3006 625 3092 spondere
668 3008 793 3073 levi
835 3028 951 3093 pro
996 3027 1275 3091 paupere
1320 3011 1384 3072 et
1427 3008 1669 3091 eripere
1712 3009 1868 3073 artis

173 3090 431 3157 Litibus
474 3090 863 3175 inplicitum,
907 3092 1214 3176 mirabor,
1259 3092 1316 3157 si
1359 3093 1518 3157 sciet
1558 3093 1726 3159 inter

171 3176 235 3242 N
236 3196 462 3241 oscere
503 3176 872 3241 mendacem
913 3197 1132 3242 verum
1177 3196 1257 3241 ue
1299 3175 1523 3241 beatus
1565 3177 1859 3243 amicum.
2004 3188 2105 3241 42⁵

171 3260 273 3324 'ru
318 3280 435 3324 seu
477 3259 734 3325 donaris
779 3281 890 3325 seu
932 3260 1084 3345 quid
1128 3197 1366 3326 gonaro
1408 3261 1585 3326 voles
1628 3262 1758 3345 cui,

173 3343 402 3410 Nolito
447 3343 527 3409 ad
570 3365 789 3409 versus
833 3344 951 3409 tibi
995 3344 1198 3410 factos
1243 3344 1471 3411 ducere
1513 3346 1773 3431 plenum

175 3427 519 3512 Laetitiae,
565 3428 866 3493 clamabit
908 3428 1080 3494 enim
1125 3428 1444 3513 ‘pulch-c,
1491 3428 1679 3511 bene,
1725 3432 1946 3495 recte-⁹

175 3511 495 3578 Pallescet
537 3533 727 3598 super
770 3512 901 3597 his,
949 3513 1137 3578 etiam
1182 3513 1453 3579 stillabit
1494 3513 1713 3578 amicis
