2588 4046
163 249 340 326 xva,
979 252 1194 309 mnan
1234 254 1280 310 1.
1968 250 2096 317 205

159 410 272 479 Nil
316 413 547 478 melius
591 413 808 498 turdo,
851 414 947 479 nil
988 416 1175 480 volva
1215 417 1543 500 pulchrius
1582 418 1839 503 ampla)

159 496 481 563 Nimirum
510 498 616 563 hic
645 519 766 583 ego
801 520 972 584 sum3
1007 511 1161 564 n'am
1186 502 1330 565 tuta
1358 505 1424 566 et
1449 504 1712 586 parvola
1739 501 1961 588 laudo,

159 581 322 647 Cum
362 602 467 646 res
511 582 841 666 deficiunt,
885 583 1040 647 satis
1081 584 1252 649 inter
1292 586 1449 649 vilia
1488 586 1704 652 fortis:

158 664 401 730 Verum
428 665 541 729 ubi
583 666 734 750 quid
759 666 986 731 melius
1018 668 1342 754 contingit
1368 672 1434 734 εὴ
1467 671 1719 735 unctius
1734 719 1751 753 ,
1795 670 1962 736 idem

156 747 297 815 Vos
340 770 563 833 sapere
606 753 672 815 εὴ
714 750 887 815 solos
932 751 1031 814 aio
1076 751 1239 817 bene
1281 753 1525 838 vivere,
1614 775 1839 819 uorum
2022 766 2089 818 45

157 832 570 918 Conspicitur
610 833 830 899 nitidis
871 833 1139 900 fundata
1178 838 1452 920 pecunia
1540 838 1553 852 ’
1612 839 1625 852 “
1666 886 1682 904 .

1016 1124 1210 1201 XVI.

152 1254 261 1322 Ne
301 1254 694 1339 perconteris
707 1302 726 1338 ‚
769 1254 1006 1319 fundus
1046 1277 1253 1340 meus,
1289 1260 1538 1406 gffime
1582 1258 1833 1343 Quinti,

151 1341 333 1404 Arvo
375 1342 597 1422 pascat
640 1359 818 1403 erum
859 1360 944 1404 an
985 1339 1159 1405 bacis
1203 1361 1287 1425 op
1359 1345 1534 1407 entet
1583 1343 1786 1408 olivae

149 1422 459 1488 Pomisne
503 1445 588 1487 an
626 1423 829 1520 pratis
872 1444 957 1488 an
998 1423 1231 1489 amicta
1272 1426 1508 1491 vitibus
1549 1426 1752 1492 ulmo:

152 1506 486 1572 Scribetur
526 1507 649 1571 tibi
689 1507 899 1572 forma
939 1507 1293 1591 loquaciter
1335 1513 1400 1574 et
1441 1510 1601 1575 situs
1644 1512 1802 1596 agri.

151 1589 467 1656 Continui
508 1593 788 1674 montes,
831 1591 902 1655 ni
944 1591 1369 1658 dissocientur
1408 1614 1613 1677 opaca
1852 1643 1857 1648 .
2056 1608 2089 1659 5

149 1673 348 1739 Valle
364 1722 385 1758 ‚
431 1675 542 1739 sed
570 1677 643 1739 ut
675 1676 936 1740 veniens
967 1675 1258 1741 dextrum
1284 1677 1452 1742 latus
1481 1677 1797 1761 adspiciat
1823 1678 1963 1764 Sol,

148 1758 437 1824 Laevum
482 1758 789 1824 decedens
833 1779 1020 1824 curru
1060 1760 1348 1845 fugiente
1390 1765 1671 1845 vaporet.

156 1842 566 1926 Temperiem
608 1841 843 1909 laudes.
931 1841 1099 1919 Quid
1140 1845 1197 1908 si
1237 1844 1589 1910 rubicunda
1631 1846 1896 1932 benigni

151 1926 375 1993 Corna
418 1947 639 2010 vepres
679 1929 745 1991 εὴ
784 1947 991 2010 pruna
1030 1927 1270 2011 ferant,
1315 1928 1372 1993 si
1413 1949 1678 2012 quercus
1722 1932 1788 1994 et
1828 1931 1954 1998 ilex

150 2011 368 2076 Multa
410 2010 596 2096 fruge
623 2032 817 2095 pecus
830 2059 849 2095 ‚
893 2012 1098 2076 multa
1139 2012 1471 2078 dominum
1497 2013 1672 2079 iuvet
1697 2014 1966 2080 umbra?
2027 2029 2092 2080 ιο

148 2095 354 2162 Dicas
399 2094 740 2160 adductum
780 2095 1044 2180 propius
1087 2096 1383 2162 frondere
1427 2097 1793 2163 Tarentum.

150 2180 332 2247 Fons
378 2179 571 2244 etiam
612 2179 750 2244 rivo
795 2179 946 2245 dare
987 2201 1225 2245 nomen
1266 2181 1564 2266 idoneus,
1606 2185 1684 2247 ut
1720 2203 1840 2248 nec

152 2262 485 2349 Frigidior
526 2262 837 2329 Thracam
878 2284 1000 2329 nec
1040 2265 1260 2348 purior
1302 2266 1544 2330 ambiat
1584 2265 1839 2332 Hebrus
1852 2315 1871 2352 ,

149 2348 426 2413 Infirmo
471 2347 665 2431 capiti
707 2347 849 2412 fluit
888 2348 1094 2446 utilis²
1137 2349 1315 2413 utilis
1360 2351 1524 2415 alvo.

149 2430 299 2497 Hae
343 2431 629 2496 latebrae
672 2431 887 2497 dulces
931 2435 1022 2516 et,
1065 2454 1194 2497 iam
1238 2434 1294 2497 si
1338 2434 1569 2519 credis,
1615 2455 1949 2519 amoenae,
2029 2449 2091 2499 15

147 2515 556 2582 Incolumem
598 2516 720 2581 tibi
745 2537 849 2581 me
889 2519 1221 2600 praestant
1249 2516 1728 2602 Septembribus
1767 2519 1964 2584 horis.

152 2599 257 2665 Tu
301 2602 479 2664 recte
520 2600 710 2684 vivis,
756 2600 814 2666 si
856 2621 1037 2665 curas
1082 2622 1219 2666 esse
1260 2601 1436 2684 quod
1477 2601 1676 2666 audis.

145 2683 480 2750 lactamus
521 2684 651 2749 iam
692 2681 938 2767 pridem
981 2685 1190 2749 omnis
1230 2687 1297 2750 te
1337 2685 1545 2749 Roma
1583 2686 1874 2772 beatum3

148 2767 285 2834 Sed
327 2788 581 2852 vereor,
625 2768 814 2833 necui
857 2768 934 2833 de
976 2771 1042 2833 te
1083 2768 1227 2852 plus
1270 2790 1463 2852 quam
1510 2769 1634 2833 tibi
1678 2771 1921 2855 credas,

144 2852 338 2919 Neve
381 2854 566 2935 putes
610 2852 805 2917 alium
849 2852 1135 2936 sapiente
1177 2852 1474 2937 bonoque
1516 2854 1799 2938 beatum,
2025 2869 2094 2920 ιο

144 2937 339 3020 Neu,
385 2936 441 3000 si
481 2940 546 3001 te
587 2957 672 3020 po
719 2938 861 3001 ulus
905 2958 1130 3001 sanum
1172 2940 1469 3021 recteque
1512 2938 1829 3004 valentem

147 3021 462 3105 Dictitet,
513 3041 626 3086 occ
694 3023 828 3086 tam
869 3020 1112 3085 febrem
1156 3020 1273 3086 sub
1316 3025 1571 3105 tempus
1614 3022 1841 3087 edendi

146 3104 570 3188 Dissimules,
617 3105 819 3170 donec
846 3105 1141 3170 manibus
1181 3106 1423 3170 tremor
1464 3105 1710 3171 incidat
1733 3108 1965 3174 unctis.

147 3188 518 3254 Stultorum
560 3189 847 3253 incurata
888 3188 1094 3272 pudor
1133 3189 1341 3253 malus
1383 3188 1598 3255 ulcera
1642 3191 1825 3256 celat.

149 3272 377 3356 Siquis
419 3270 589 3337 bella
630 3273 750 3338 tibi
789 3277 962 3337 terra
1009 3275 1296 3358 pugnata
1336 3274 1621 3357 marique
2026 3289 2091 3339 25

150 3355 389 3439 Dicat,
432 3358 499 3421 et
537 3356 640 3420 his
682 3356 892 3421 verbis
935 3377 1168 3421 vacuas
1209 3357 1601 3441 permulceat
1642 3379 1853 3425 aures:

151 3440 364 3505 ‘Tene
391 3440 598 3526 magis
629 3441 874 3506 salvum
900 3439 1174 3524 populus
1203 3441 1388 3524 velit,
1419 3462 1506 3505 an
1579 3443 1841 3525 opulum
1867 3447 1968 3528 tu,

150 3524 390 3591 Servet
428 3524 500 3592 in
543 3525 872 3611 ambiguo,
918 3525 1027 3609 qui
1069 3525 1347 3590 consulit
1389 3528 1453 3589 et
1493 3529 1547 3590 ti
1590 3525 1615 3589 i
1658 3529 1722 3590 et
1762 3528 1938 3613 urbi,
