2588 4046
452 254 570 319 118
1102 273 1107 274 f
1254 257 1556 317 EPODON
2207 256 2362 333 [xm.
2550 90 2565 308 i

575 421 803 487 Cetera
842 422 1026 486 mitte
1070 422 1275 505 loqui:
1332 422 1485 487 deus
1528 420 1686 487 haec
1728 420 1998 488 fortasse
2040 420 2319 507 benigna

657 504 942 571 Reducet
983 507 1053 569 in
1095 506 1310 571 sedem
1353 506 1511 571 vice.
1595 505 1787 571 Nunc
1830 508 1899 571 et
1938 504 2363 571 Achaemenio

574 589 880 654 Perfundi
920 589 1119 654 nardo
1165 591 1341 655 iuvat
1383 592 1447 654 et
1488 589 1612 654 fide
1657 588 1963 673 Cyllenea
2025 619 2030 625 ·

451 686 515 735 10
655 673 894 739 Levare
937 673 1091 738 diris
1134 677 1396 758 pectora
1439 672 1994 753 sollicitudinibus»,

573 751 829 819 Nobilis
871 756 947 818 ut
988 751 1221 838 grandi
1266 755 1500 819 cecinit
1543 753 1906 821 Centaurus
1945 755 2236 819 alumno:

659 839 954 925 ‘Inviete,
998 839 1288 904 mortalis
1334 839 1453 904 dea
1493 841 1642 903 nate
1683 861 1842 924 puer
1883 839 2182 925 Thetide,

573 924 664 989 Te
706 927 918 989 manet
960 924 1259 989 Assaraci
1302 925 1493 989 tellus
1504 972 1524 1008 ,
1570 945 1762 1007 quam
1803 924 2039 1009 frigida
2080 925 2250 990 tardi

654 1008 939 1073 Findunt
981 1007 1355 1073 Scamandri
1395 1008 1661 1072 flumma
1700 1008 1980 1074 lubricus
2023 1012 2088 1073 et
2115 1008 2366 1094 Simois,

452 1106 512 1154 15
578 1092 762 1158 Vnde
804 1092 924 1157 tibi
965 1091 1240 1157 reditum
1285 1095 1457 1157 certo
1504 1091 1859 1157 subtemine
1902 1092 2138 1158 Parcae

655 1176 937 1260 Rupere,
980 1197 1100 1241 nec
1142 1178 1349 1241 mater
1391 1176 1651 1242 domum
1694 1177 1946 1242 caerula
1985 1179 2049 1241 te
2091 1178 2362 1244 revehet.

572 1260 715 1326 Illic
758 1281 946 1324 omne
988 1261 1225 1325 malum
1267 1260 1419 1326 vino
1464 1263 1782 1345 cantuque
1824 1262 2064 1346 levate,

655 1342 975 1409 Deformis
1019 1344 1447 1429 aegrimoniae
1491 1344 1781 1410 dulcibus
1825 1345 2188 1429 adloquiis?

1481 1518 1557 1529 ιι·-

569 1783 785 1849 Mollis
826 1783 1057 1848 inertia
1099 1804 1210 1848 cur
1251 1786 1501 1848 tantam
1543 1784 1866 1850 diffuderit
1905 1785 2050 1851 imis

655 1868 1055 1933 Oblivionem
1099 1868 1390 1933 sensibus
1403 1917 1422 1952 ,

567 1951 806 2017 Pocula
847 1952 1160 2017 Lethaeos
1203 1954 1277 2016 ut
1322 1952 1377 2016 si
1420 1952 1717 2018 ducentia
1760 1975 2017 2019 somnos

651 2038 892 2102 Arente
934 2038 1118 2102 fauce
1160 2037 1465 2102 traxerim

441 2133 473 2183 5
570 2119 852 2188 Candide
894 2120 1262 2206 Maecenas,
1307 2086 1543 2188 occidis
1587 2143 1775 2207 saepe
1817 2124 2136 2210 rogando:

650 2204 825 2269 Deus
837 2253 857 2289 ,
902 2204 1055 2270 deus
1098 2227 1249 2271 nam
1286 2227 1395 2286 me
1436 2209 1611 2271 vetat
1857 2244 1869 2251 -

566 2288 718 2355 Ince
762 2291 897 2373 tos,
945 2289 1101 2354 olim
1141 2291 1527 2374 promissum
1570 2311 1852 2376 carmen,
1898 2292 2145 2358 iambos

649 2311 761 2437 Ag
798 2373 1167 2439 umbilicum
1210 2374 1537 2440 adducere.

565 2456 719 2522 Non
761 2457 946 2522 aliter
988 2457 1203 2523 Samio
1249 2459 1470 2525 dicunt
1512 2459 1741 2525 arsisse
1786 2459 2090 2545 Bathyllo

445 2553 509 2602 ιο
647 2541 1058 2607 Anacreonta
1099 2541 1354 2626 Teium,

462 2644 465 2645 ’
567 2624 691 2702 Qui
731 2648 1036 2712 persaepe
1080 2647 1235 2692 cava
1274 2629 1593 2694 testudine
1634 2629 1810 2694 flevit
1850 2650 2132 2695 amorem

647 2709 801 2775 Non
843 2711 1238 2776 elaboratum
1281 2711 1363 2775 ad
1453 2712 1652 2778 edem.

563 2793 783 2858 Vreris
825 2795 963 2879 ipse
1004 2796 1226 2862 miser:
1270 2816 1395 2879 quo
1444 2797 1499 2861 si
1539 2817 1674 2861 non
1716 2796 2042 2882 pulchrior
2084 2799 2254 2885 ignis

648 2879 963 2943 Accendit
1007 2880 1332 2945 obsessam
1374 2880 1574 2963 Ilion,

399 2966 406 2972 '
444 2975 504 3025 ιδ
570 2961 792 3027 Gaude
835 2965 1005 3028 sorte
1047 2966 1187 3049 tua3
1232 2985 1336 3029 me
1379 2964 1706 3050 libertina,
1750 2986 1870 3031 nec
1912 2987 2042 3031 uno

647 3045 996 3132 Contenta,
1039 3047 1294 3133 Phryne
1337 3052 1638 3114 macerat.

1247 3323 1550 3334 *an-*-
