2588 4046
482 224 564 290 32

481 406 547 454 25

484 858 551 908 30

486 1311 552 1360 35

487 2972 552 3022 10

487 3424 549 3473 15

1244 218 1638 287 CARMINVM

731 393 891 458 Iuno
938 396 1003 457 et
1045 393 1307 457 deorum
1351 392 1633 476 quisquis
1677 392 1940 458 amicior

735 478 913 541 Afris
958 478 1161 568 inulta
1202 479 1480 561 cesserat
1521 477 1820 560 inpotens

829 561 1111 644 Tellure,
1155 561 1470 625 victorum
1512 563 1778 643 nepotes

925 644 1201 709 Rettulit
1247 644 1507 708 inferias
1550 643 1915 729 Iugurthae.

738 762 890 838 Quis
935 783 1069 826 non
1110 761 1340 826 Latino
1387 761 1695 858 sanguine
1737 760 2040 846 pinguior

742 846 1015 929 Campus
1060 846 1365 929 sepulcris
1409 846 1586 929 inpia
1614 845 1870 992 1{Iroelia
1989 856 1992 861 “

828 929 1122 994 Testatur
1165 929 1572 1012 auditumque
1688 928 1820 993 edis

931 1013 1276 1097 Hesperiae
1322 1013 1601 1078 sonitum
1650 1011 1914 1076 ruinae?

739 1131 861 1207 Qui
903 1152 1137 1215 gurges
1181 1133 1291 1194 aut
1335 1152 1493 1214 quae
1535 1129 1796 1194 flumina
1837 1130 2125 1214 lugubris

735 1214 971 1300 Ignara
1012 1213 1209 1278 belli?
1266 1213 1436 1297 quod
1478 1235 1652 1277 mare
1695 1213 1981 1278 Dauniae

834 1298 988 1364 Non
1031 1297 1469 1362 decoloravere
1513 1297 1778 1362 caedes?

933 1382 1105 1458 Quae
1149 1384 1322 1446 caret
1364 1402 1476 1445 ora
1519 1402 1738 1445 cruore
1781 1379 2047 1445 nostro?

746 1497 872 1564 Sed
926 1519 1008 1562 ne
1062 1497 1335 1582 relictis,
1374 1497 1590 1580 Musa,
1635 1518 1876 1580 procax
1911 1497 2067 1562 iocis

741 1582 905 1649 Ceae
947 1585 1249 1647 retractes
1291 1603 1556 1646 munera
1597 1581 1854 1665 neniae,

830 1665 1084 1730 Mecum
1125 1665 1414 1730 Dionaeo
1460 1666 1577 1731 sub
1621 1669 1804 1729 antro

935 1749 1178 1825 Quaere
1220 1750 1444 1814 modos
1493 1749 1728 1814 leviore
1770 1749 2028 1832 plectro.

1392 2005 1485 2079 H.

737 2138 968 2203 Nullus
1013 2139 1277 2222 argento
1324 2137 1498 2201 color
1543 2139 1640 2200 est
1682 2137 1885 2201 avaris

737 2222 976 2286 Abdito
1019 2221 1232 2294 terris,
1276 2220 1533 2284 inimice
1576 2221 1823 2284 lamnae

740 2305 960 2389 Crispe
985 2302 1281 2388 Sallusti,
1315 2305 1443 2368 nisi
1485 2307 1837 2388 temperato

833 2388 1175 2473 Splendeat
1215 2410 1353 2451 usu.

744 2506 936 2570 Vivet
979 2508 1233 2570 extento
1277 2506 1645 2570 Proculeius
1688 2526 1842 2569 aevo
1856 2552 1874 2587 ,

735 2589 946 2655 Notus
989 2589 1059 2653 in
1101 2590 1327 2654 fratres
1372 2589 1568 2653 animi
1610 2590 1891 2673 paterni:

736 2672 928 2737 Illum
970 2676 1120 2757 aget
1170 2674 1371 2756 pinna
1412 2676 1733 2737 metuente
1777 2671 1940 2737 solvi

828 2757 1025 2822 Fama
1067 2760 1401 2841 superstes,

735 2875 954 2939 Latius
996 2896 1224 2959 regnes
1269 2874 1521 2939 avidum
1564 2874 1880 2938 domando

738 2958 1074 3041 Spiritum,
1120 2979 1310 3041 quam
1353 2959 1409 3022 si
1449 2957 1716 3041 Libyam
1758 2957 2020 3022 remotis

738 3042 1017 3107 Gadibus
1060 3043 1287 3126 iungas
1333 3045 1399 3107 et
1438 3044 1700 3125 uterque
1742 3042 1992 3106 Poenus

829 3126 1077 3191 Serviat
1116 3126 1246 3190 uni.

737 3243 977 3309 Crescit
1016 3243 1196 3307 indul
1245 3264 1368 3307 ens
1389 3243 1511 3307 sibi
1554 3244 1726 3307 dirus
1768 3242 2047 3339 hydrops

733 3327 871 3393 Nec
916 3327 1090 3391 sitim
1131 3348 1211 3411 pe
1239 3327 1343 3411 lit,
1388 3328 1516 3391 nisi
1560 3349 1747 3392 causa
1788 3327 1996 3391 morbi

729 3411 994 3495 Fugerit
1035 3412 1213 3476 venis
1258 3414 1325 3475 et
1366 3433 1637 3496 aquosus
1682 3412 1827 3476 albo

786 3494 1071 3582 Corpore
1121 3497 1411 3582 languor.
