2588 4046
851 831 2037 941 SATIRARVM

1131 1031 1344 1088 1113ssss
1379 1034 1768 1093 SECVNDVS.

1410 1202 1468 1278 Ι.

605 1300 820 1401 eSunt
864 1331 1093 1416 quibus
1136 1334 1206 1398 in
1249 1334 1443 1399 satira
1476 1333 1694 1398 videor
1736 1332 1929 1397 nimis
1959 1352 2105 1397 acer
2135 1336 2200 1398 et
2241 1333 2401 1397 ultra

603 1416 842 1502 Legem
888 1416 1148 1482 tendere
1191 1438 1380 1503 opus3
1427 1417 1564 1482 sine
1603 1416 1814 1482 nervis
1858 1417 2058 1482 altera
2101 1416 2402 1501 quidquid

606 1499 984 1584 Oomposui,
1026 1522 1173 1585 pars
1219 1522 1358 1567 esse
1400 1504 1587 1585 putat
1630 1501 1992 1584 similesque
2034 1522 2321 1566 meorum

603 1584 783 1649 Mille
827 1584 927 1649 die
973 1606 1190 1650 versus
1235 1584 1461 1650 deduci
1503 1605 1711 1669 posse.
1799 1583 2060 1649 Trebati

476 1681 508 1730 5
593 1668 760 1745 Quid
789 1668 1049 1753 faciam,
1096 1669 1503 1754 praescribe.’
1564 1669 1937 1768 ‘Quieseas’
1999 1634 2093 1736 ‘N'
2089 1690 2122 1735 e
2151 1670 2402 1753 faciam,

600 1835 879 1934 Omnino
924 1837 1211 1902 versus‘?’
1287 1838 1485 1903 ‘Aia’
1560 1774 2089 1935 ‘Perlelacffilftmalffi
2134 1838 2193 1902 si
2234 1860 2369 1903 non

602 1920 931 2005 Optimum
954 1924 1090 1986 erat
1098 1946 1116 2018 3
1152 1943 1372 1986 verum
1400 1942 1646 2005 nequeo
1678 1921 1997 1986 dorm1re.’
2058 1920 2209 1986 ‘Ter
2226 1922 2405 1987 uncti

602 2003 1007 2072 Transnanto
1036 2005 1317 2071 Tiberim
1325 2055 1345 2091 ,
1393 2027 1618 2072 somno
1664 2004 1891 2090 quibus
1923 2008 2022 2071 est
2052 2027 2213 2091 opus
2246 2007 2402 2093 alto,

719 2090 732 2103 ‘
828 2112 1056 2175 umque
1098 2111 1274 2155 mero
1322 2091 1439 2156 sub
1482 2093 1737 2155 noctem
1781 2111 2012 2174 corpus
2054 2090 2354 2157 habento.

479 2186 543 2237 ιο
602 2174 738 2238 Aut
782 2174 837 2239 si
879 2177 1094 2239 tantus
1139 2195 1319 2240 amor
1362 2174 1679 2240 scribendi
1721 2177 1787 2239 te
1830 2175 2027 2258 rapit,
2072 2175 2236 2240 aude

601 2255 892 2323 Caesaris
935 2258 1157 2323 invicti
1198 2280 1301 2324 res
1346 2258 1583 2342 dicere,
1628 2259 1833 2323 multa
1875 2259 2166 2326 laborum

597 2341 890 2407 Praemia
929 2344 1216 2408 laturus?
1292 2340 1665 2426 ‘Cupidum,
1756 2345 1892 2407 ater
1922 2344 2193 2427 optime,
2237 2345 2400 2409 vires

597 2424 948 2491 Deficiunt:
999 2448 1081 2491 ne
1124 2448 1205 2491 ue
1249 2427 1422 2491 enim
1466 2426 1670 2510 quivis
1709 2364 2044 2492 {orrentia
2084 2428 2236 2511 pilis

597 2510 881 2595 Agmina
921 2530 1041 2575 nec
1145 2514 1286 2575 acta
1375 2513 1667 2576 ereuntes
1712 2510 1971 2595 cuspide
2016 2510 2237 2577 Gallos

478 2607 537 2657 ιδ
601 2594 737 2658 Aut
779 2594 1052 2659 labentis
1097 2615 1257 2678 equo
1348 2594 1604 2660 escribit
1646 2595 1911 2660 vulnera
1953 2595 2221 2660 Parthi!
2410 2670 2413 2675 .

601 2679 929 2744 ‘Attamen
973 2681 1037 2743 et
1077 2679 1317 2743 iustum
1406 2681 1615 2743 oteras
1661 2682 1726 2744 et
1769 2679 2042 2745 scribere
2084 2680 2324 2745 fortem
2334 2730 2353 2765 ,

598 2759 956 2846 Scipiadam
985 2765 1059 2827 ut
1088 2763 1343 2847 sapiens
1427 2762 1699 2828 ucilius?
1767 2762 1984 2827 ‘Haud
2025 2763 2188 2828 mihi
2231 2765 2403 2850 derO,

599 2843 763 2911 Cum
791 2868 893 2912 res
922 2847 1064 2931 ipsa
1108 2847 1303 2912 feret:
1358 2847 1486 2911 nisi
1530 2846 1751 2912 dextro
1795 2850 2112 2932 tempore,
2157 2847 2377 2915 Flacci

595 2928 813 2994 Verba
854 2952 969 3014 per
1012 2934 1326 2996 attentam
1368 2929 1501 2995 non
1543 2930 1732 2996 ibunt
1761 2930 2049 2997 Caesaris
2092 2954 2343 3016 aurem,

468 3024 535 3076 20
601 3011 723 3080 Cui
764 3015 932 3079 male
978 3016 1033 3079 si
1074 3016 1184 3100 pal
1231 3036 1368 3099 ere,
1414 3015 1776 3080 recalcitrat
1818 3016 2094 3100 undique
2136 3019 2363 3081 tutus!

598 3097 872 3173 ‘Quanto
917 3100 1151 3164 rectius
1242 3119 1351 3183 oc,
1441 3121 1590 3163 uam
1632 3099 1805 3164 tristi
1847 3099 2094 3165 laedere
2136 3122 2329 3166 versu

593 3181 1020 3247 Pantolabum
1063 3203 1349 3249 scurram
1454 3186 1987 3268 omentanumque
2029 3188 2354 3269 nepotem,

594 3264 756 3330 Cum
809 3267 932 3333 sibi
988 3267 1256 3352 quisque
1314 3267 1529 3351 timet,
1591 3270 2037 3416 quassnqffiffst
2089 3267 2403 3353 intactus,

1683 3374 1717 3417 e
1789 3373 1827 3416 o
1926 3359 1967 3416 .’

594 3434 783 3510 ‘Quid
826 3435 1103 3501 faciam?
1180 3436 1389 3502 saltat
1431 3436 1764 3520 Milonius,
1809 3439 1882 3500 ut
1924 3437 2121 3500 semel
2163 3436 2293 3502 icto

464 3530 531 3580 25
589 3519 881 3584 Accessit
923 3520 1134 3585 fervor
1179 3520 1374 3606 capiti
1417 3541 1846 3606 numerusque
1890 3519 2195 3606 lucernis3
