2588 4046
205 238 342 312 1111]
997 241 1213 296 LIBER
1252 240 1298 299 1.
1994 237 2109 304 137

210 400 337 476 Quo
370 405 740 486 personatus
768 406 957 486 pacto
990 405 1190 488 pater.
1247 402 1402 487 His,
1436 424 1557 488 ego
1594 424 1753 488 quae
1780 426 1980 489 nunc,

208 484 365 549 Olim
406 508 562 570 quae
606 488 862 572 scripsit
906 487 1217 572 Lucilius,
1265 488 1494 571 eripias
1538 489 1594 552 si

205 566 500 654 Tempora
543 574 715 636 certa
769 571 1147 656 modosque,
1204 574 1269 636 et
1313 572 1484 656 quod
1535 573 1710 656 prius
1762 572 1983 638 ordine

1398 656 1724 721 verbumst

200 736 508 803 Posterius
551 740 779 823 facias,
823 760 1222 824 praeponens
1264 740 1491 804 ultima
1532 740 1785 837 primis:

198 820 365 904 Non,
410 825 481 887 ut
524 823 580 887 si
623 824 831 888 solvas
878 828 1241 908 ‘postquam
1284 824 1600 889 discordla
1642 827 1847 888 taetra
2043 837 2108 887 60

198 904 353 969 Belli
393 907 664 971 ferratos
707 911 924 992 postes
968 911 1185 1007 portas
1230 930 1311 971 ue
1355 907 1673 992 refiegit,'

198 987 477 1056 Invenias
522 992 715 1056 etiam
758 991 1006 1057 disiect1
1046 1014 1215 1056 mem
1260 1013 1334 1055 ra
1375 995 1619 1076 poetae.

196 1072 505 1140 Hactenus
549 1075 738 1140 haec:
784 1076 939 1141 alias
982 1076 1221 1141 iustum
1264 1076 1350 1140 sit
1390 1096 1591 1140 necne
1634 1097 1889 1161 poema3

196 1156 370 1223 Nunc
414 1160 575 1225 illud
617 1162 869 1225 tantum
912 1181 1238 1244 quaeram,
1282 1159 1596 1224 meritone
1640 1159 1758 1224 tibi
1803 1161 1887 1224 sit

195 1239 305 1306 Sus
351 1246 560 1308 ectum
601 1265 805 1328 genus
848 1243 971 1310 hoc
1015 1244 1353 1309 scribendi.
1439 1242 1687 1309 Sulcius
1732 1265 1875 1309 acer
2044 1259 2106 1309 65

195 1326 310 1389 Am
354 1328 487 1393 ulat
531 1330 596 1392 et
623 1327 924 1412 Caprius,
967 1329 1140 1393 rauci
1180 1329 1347 1392 male
1402 1349 1669 1476 cumtpae
1719 1328 1982 1414 libellis,

192 1408 454 1495 Magnus
497 1415 763 1495 uterque
806 1412 999 1476 timor
1040 1411 1425 1497 latronibus3
1471 1414 1539 1476 at
1625 1433 1742 1477 ene
1788 1413 1984 1496 siquis

192 1492 273 1557 Et
312 1496 482 1560 vivat
524 1497 701 1580 puris
745 1497 1067 1581 manibuS,
1116 1498 1485 1561 contemnat
1525 1499 1882 1580 utrumque.

193 1576 278 1642 Vt
317 1580 401 1643 sis
444 1583 518 1644 tu
564 1580 791 1644 similis
838 1580 1014 1645 Caeli
1057 1580 1351 1663 Birrique
1393 1580 1742 1663 latronum,

192 1660 335 1726 Non
376 1684 498 1749 ego
545 1663 667 1727 sim
700 1663 893 1748 Capri
931 1685 1139 1747 neque
1168 1663 1371 1729 Sulci:
1417 1684 1528 1728 cur
1554 1666 1799 1728 metuas
1830 1665 1977 1728 me?
2047 1677 2111 1727 70

192 1744 378 1810 Nulla
419 1747 687 1812 taberna
728 1768 905 1811 meos
947 1747 1180 1812 habeat
1219 1768 1426 1831 neque
1469 1748 1600 1832 pila
1641 1747 1921 1830 libellos,

192 1828 337 1905 Quis
363 1852 593 1895 manus
636 1831 892 1895 insudet
932 1832 1109 1929 vulgi
1138 1830 1686 1929 Hermogenisque
1719 1830 1982 1918 Tigelli3

191 1912 249 1978 N
252 1934 319 1979 ec
359 1916 562 1980 recito
610 1916 902 1998 cuiquam
945 1916 1072 1979 nisl
1115 1915 1336 1980 amicis
1381 1915 1446 1979 1d
1491 1936 1569 1979 ue
1614 1917 1900 1997 coactuS,

191 1995 334 2064 Non
373 2000 587 2066 ubivis
632 2019 921 2065 coramve
964 1999 1369 2084 quibuslibet.
1579 1999 1788 2064 medio
1834 2000 1942 2084 qui

191 2081 431 2168 Scripta
459 2084 605 2149 foro
636 2084 935 2168 recitent,
980 2087 1129 2148 sunt
1156 2085 1375 2168 multi,
1407 2084 1637 2168 quique
1667 2085 1979 2149 lavantesz
2047 2097 2106 2148 ‘15

191 2165 386 2232 Suave
430 2169 613 2233 locus
658 2169 800 2233 voci
843 2170 1103 2233 resonat
1145 2168 1500 2233 conclusus.
1587 2168 1820 2233 Inanes

192 2255 322 2316 Hoc
349 2253 559 2336 iuvat,
589 2251 759 2317 haud
788 2252 946 2316 illud
975 2255 1349 2337 quaerentes
1362 2301 1380 2334 ,
1410 2274 1566 2316 num
1596 2253 1734 2318 sine
1764 2274 1983 2335 sensu,

189 2333 496 2433 Tempore
541 2357 698 2400 num
740 2336 980 2401 faciant
1022 2337 1250 2402 alieno.
1343 2336 1642 2401 ‘Laedere
1684 2337 1920 2421 gaudes
1932 2343 1977 2420 ,³

187 2417 399 2503 Inquit
442 2423 537 2485 ‘et
563 2418 685 2485 hoc
716 2420 926 2493 studio
955 2442 1184 2505 pravus
1227 2420 1432 2486 facis?
1500 2419 1686 2485 Vnde
1715 2421 2007 2505 petitum‘

188 2501 321 2568 Hoc
351 2505 422 2568 in
451 2525 558 2569 me
587 2503 785 2569 iacis?
842 2504 964 2568 Est
993 2507 1213 2569 auctor
1256 2504 1398 2588 quis
1439 2504 1708 2588 denique
1740 2526 1988 2588 eorum,
2046 2517 2106 2567 80

187 2585 332 2652 Vixi
375 2609 524 2654 cum
570 2586 840 2671 quibus?
885 2587 1237 2653 Absentem
1280 2589 1391 2672 qui
1432 2588 1603 2652 rodit
1645 2588 1950 2672 amicum,

188 2669 305 2746 Qui
346 2694 482 2737 non
529 2670 816 2736 defendit
856 2671 982 2736 alio
1027 2674 1359 2757 culpante,
1406 2672 1648 2737 solutos

188 2753 306 2830 Qui
349 2757 568 2840 captat
608 2756 773 2820 risus
814 2755 1148 2821 hominum
1190 2757 1551 2849 famamque
1593 2756 1857 2839 dicacis,

189 2836 457 2924 Fingere
504 2840 614 2923 qui
656 2860 790 2904 non
832 2840 969 2904 visa
1009 2843 1253 2925 potest,
1300 2841 1617 2906 conmissa
1654 2843 1861 2906 tacere

190 2920 306 2997 Qui
322 2924 579 3007 nequit:
609 2922 715 2988 hic
738 2924 924 3021 niger
946 2927 1061 3008 est,
1090 2923 1260 2990 hunc
1284 2928 1375 3009 tu,
1404 2925 1710 3008 Romane,
1743 2927 1980 2990 caveto,
2047 2938 2109 2988 85
2200 2944 2207 2951 ·

188 3004 384 3092 Saepe
427 3007 637 3072 tribus
681 3007 863 3072 lectis
907 3008 1121 3072 videas
1168 3029 1392 3074 cenare
1436 3013 1808 3094 quaternOS,

187 3089 240 3154 E
284 3091 517 3174 quibus
562 3113 725 3156 unus
770 3095 940 3156 amet
982 3093 1201 3176 quavis
1247 3093 1626 3179 adspergere
1671 3096 1932 3159 cunctos

188 3172 447 3240 Praeter
490 3196 634 3239 eum
679 3176 788 3259 qui
831 3177 1092 3260 praebet
1133 3198 1388 3264 aquam3
1433 3181 1583 3262 post
1620 3177 1791 3243 hunc
1837 3198 1986 3260 quo-

1402 3284 1524 3346 que
1612 3264 1787 3344 otuS,

188 3341 465 3408 Condita
509 3365 653 3409 cum
696 3367 885 3410 verax
928 3347 1133 3430 aperit
1216 3346 1541 3411 raecordia
1636 3346 1790 3410 iber.

186 3426 304 3492 Hic
348 3428 472 3492 tibi
519 3429 718 3494 comis
761 3434 827 3494 et
869 3430 1147 3495 urbanus
1216 3431 1476 3514 iberque
1520 3429 1798 3511 videtur,
2048 3441 2113 3491 90

188 3508 428 3577 [nfesta
474 3513 710 3600 nigris3
756 3534 876 3600 ego
923 3514 978 3578 si
1020 3515 1163 3598 risi,
1210 3514 1381 3597 quod
1424 3515 1676 3599 ineptus
