2588 4046
569 825 1662 931 CARMINVM

778 1026 1002 1080 LIBER
1036 1027 1431 1083 SECVNDVS.

1099 1199 1156 1277 Ι.

411 1298 709 1397 Motum
754 1353 831 1395 ex
872 1331 1133 1396 Metello
1181 1332 1441 1396 consule
1485 1333 1752 1398 civicum

411 1414 710 1498 Bellique
755 1437 971 1481 causas
1018 1419 1082 1479 et
1122 1417 1277 1480 vitia
1323 1420 1386 1480 et
1428 1416 1650 1481 modos

512 1498 881 1583 Ludumque
900 1500 1218 1565 Fortunae
1247 1499 1608 1584 igravesque

614 1582 979 1667 Principum
1023 1584 1359 1649 amicitias(
1379 1587 1443 1648 et
1485 1606 1657 1648 arma

410 1716 721 1781 Nondum
766 1718 1031 1801 expiatis
1074 1721 1268 1783 uncta
1314 1719 1667 1802 cruoribuS,

413 1800 819 1866 Periculosae
862 1803 1122 1886 plenum
1166 1823 1326 1886 opus
1371 1802 1572 1884 aleae,

514 1884 774 1949 Tractas
819 1889 884 1949 et
924 1886 1165 1950 incedis
1208 1908 1323 1983 per
1365 1887 1548 1970 ignes

617 1968 993 2054 Suppositos
1039 1971 1236 2035 cineri
1280 1969 1525 2035 doloso.

413 2104 713 2170 Paullum
758 2126 1008 2169 severae
1052 2104 1237 2169 Musa
1279 2105 1642 2190 tragoediae

412 2187 605 2253 Desit
645 2187 943 2253 theatrisz
987 2209 1135 2252 mox
1176 2189 1285 2253 ubi
1330 2189 1613 2272 publicas

510 2272 637 2337 Res
682 2273 1023 2356 ordinariS,
1067 2273 1309 2357 grande
1355 2295 1583 2339 munus

612 2355 920 2441 Cecropio
964 2360 1211 2440 repetes
1256 2357 1598 2439 cothurno,

412 2491 678 2576 Insigne
720 2493 976 2556 maestis
1018 2491 1403 2575 praesidium
1446 2491 1570 2555 reis

413 2575 505 2640 Et
550 2575 938 2659 consulenti,
982 2576 1195 2659 Polio,
1243 2574 1497 2656 Curiae,

510 2659 626 2724 Cui
672 2658 886 2724 laurus
932 2662 1223 2724 aeternos
1266 2658 1542 2723 honores

609 2741 964 2807 Delmatico
1010 2743 1255 2828 peperit
1301 2743 1642 2826 triumpho,

414 2876 554 2940 Iam
595 2898 767 2941 nunc
808 2878 1042 2942 minaci
1084 2898 1404 2942 murmure
1448 2898 1754 2941 cornuum

413 2960 652 3025 Pe'rstr‘
756 2961 804 3025 's
848 2984 1061 3046 aureS,
1104 2962 1231 3025 iam
1276 2962 1419 3026 litui
1464 2964 1782 3044 strepunt,

508 3044 648 3108 Iam
783 3067 902 3130 gor
946 3067 1265 3110 armorum
1309 3045 1567 3129 fugaces

613 3123 834 3193 Terret
876 3151 1071 3214 equos
1117 3129 1525 3213 equitumque
1569 3129 1796 3194 voltus.

412 3261 658 3328 Audire
699 3285 966 3348 magnos
1009 3264 1138 3327 iam
1180 3263 1400 3328 videor
1444 3263 1665 3346 duces,

412 3345 577 3412 Non
616 3346 910 3411 indecoro
952 3347 1210 3431 pulvere
1254 3347 1574 3429 sordidOS‚

511 3429 606 3493 Et
645 3435 867 3496 cuncta
908 3435 1217 3496 terrarum
1262 3431 1522 3495 subacta

616 3512 867 3579 Praeter
910 3520 1186 3582 atrocem
1232 3516 1512 3580 animum
1549 3514 1830 3581 Catonis.

2027 2203 2091 2253 10

2026 2671 2088 2721 15

2022 3142 2089 3192 20
