2588 4046
209 258 332 333 m.]
1037 256 1252 313 LIBER
1289 257 1363 316 11.
2014 253 2141 320 233

212 420 551 488 Conversis
595 420 820 485 studiis
865 422 1039 485 aetas
1084 420 1459 504 animusque
1508 420 1709 486 virilis

214 505 476 582 Quaerit
520 524 672 588 opes
717 508 781 569 et
824 505 1165 588 amicitiae,
1209 505 1479 569 inservit
1519 505 1780 590 honori,

213 588 606 656 Conmisisse
650 591 829 653 cavet
872 588 1042 673 quod
1083 608 1234 652 mox
1275 592 1523 654 mutare
1566 589 1831 654 laboret.

212 673 420 738 Multa
458 693 675 737 senem
704 672 1206 737 circumveniunt
1232 672 1668 756 incommoda,
1714 674 1814 738 vel
1844 675 2013 758 quod

215 756 479 833 Quaerit
522 758 586 821 et
627 756 902 821 inventis
944 757 1138 821 miser
1181 756 1464 822 abstinet
1505 778 1580 823 ac
1623 758 1807 823 timet
1849 758 1972 842 uti,
2042 772 2141 823 1⁷0

211 840 337 905 Vel
382 840 551 924 quod
592 861 693 905 res
738 861 958 905 omnes
1001 840 1224 906 timide
1265 841 1600 926 gelideque
1643 841 1990 926 ministrat,

213 925 498 1008 Dilator,
544 945 655 1007 spe
698 924 959 1010 longus,
1004 924 1206 1009 iners,
1251 924 1600 1009 avidusque
1643 926 1869 1011 futuri,

211 1008 541 1092 Difficilis,
587 1008 914 1093 querulus,
958 1008 1247 1073 laudator
1289 1010 1596 1093 temporis
1640 1010 1766 1075 acti

214 1092 298 1158 Se
384 1112 537 1157 uero
549 1139 569 1175 ,
615 1092 959 1190 castigator
1002 1113 1351 1177 censorque
1393 1094 1731 1159 minorum.

213 1176 285 1242 M
354 1180 424 1241 ta
466 1175 680 1241 ferunt
721 1198 872 1241 anm
915 1177 1242 1243 venientes
1287 1178 1623 1242 commoda
1664 1199 1910 1262 secum,
2044 1193 2139 1244 1⁷⁶

213 1260 423 1326 Multa
462 1260 828 1326 recedentes
872 1260 1179 1326 adimunt.
1264 1260 1369 1327 Ne
1411 1262 1578 1327 forte
1621 1264 1854 1328 seniles

214 1344 602 1410 Mandentur
643 1344 856 1409 iuveni
895 1347 1114 1442 partes
1157 1366 1481 1430 pueroque
1525 1346 1772 1412 viriles:

215 1428 481 1512 Semper
521 1428 592 1492 in
633 1428 943 1493 adiunctis
987 1450 1267 1513 aevoque
1311 1430 1701 1496 morabimur
1743 1432 1928 1516 aptis.

215 1514 351 1578 Aut
394 1512 608 1598 agitur
649 1534 749 1577 res
791 1513 862 1577 in
903 1513 1149 1578 scaenis
1193 1516 1305 1579 aut
1347 1517 1493 1579 acta
1534 1516 1824 1581 refertur.

215 1597 490 1683 Segnius
533 1596 803 1661 inritant
845 1598 1094 1662 animos
1136 1597 1414 1662 demissa
1455 1620 1570 1682 per
1612 1621 1828 1664 aurem
2045 1613 2144 1664 180

217 1682 422 1758 Quam
466 1701 627 1765 quae
670 1683 820 1745 sunt
861 1682 1061 1746 oculis
1090 1681 1377 1747 subiecta
1418 1681 1709 1748 fidelibus
1741 1686 1805 1749 et
1847 1705 2007 1768 quae

214 1765 247 1830 I
295 1787 363 1831 se
407 1764 530 1829 sibi
571 1764 766 1829 tradit
807 1768 1158 1849 spectator:
1200 1786 1336 1830 non
1376 1768 1592 1831 tamen
1634 1767 1807 1832 intus

279 1850 434 1935 igna
525 1849 616 1913 eri
657 1869 911 1933 promes
954 1849 1023 1913 in
1068 1859 1364 1914 scaenam
1406 1851 1729 1935 multaque
1771 1853 1960 1917 tolles

214 1934 317 1999 Ex
360 1953 480 1998 ocu
511 1933 589 2017 's,
635 1954 794 2017 quae
837 1953 989 1997 mox
1029 1937 1246 1998 narret
1287 1934 1585 1999 facundia
1670 1956 1947 2001 raesens,

213 2017 317 2085 Ne
359 2038 592 2103 pueros
636 2038 851 2082 coram
892 2017 1131 2102 populo
1175 2017 1405 2084 Medea
1445 2019 1609 2085 truci
1653 2022 1746 2104 et,
2046 2035 2141 2085 185

214 2104 351 2167 Aut
391 2102 672 2167 humana
758 2102 926 2167 alam
968 2105 1201 2186 coquat
1235 2106 1382 2168 exta
1422 2103 1704 2169 nefarius
1747 2105 2012 2190 Atreus,

213 2187 351 2252 Aut
378 2185 447 2250 in
477 2207 658 2251 avem
738 2207 933 2251 rocne
961 2189 1270 2272 vertatur,
1316 2186 1593 2254 Cadmus
1622 2189 1693 2252 in
1722 2210 2013 2276 anguem.

216 2270 671 2354 Quodcumque
715 2269 998 2336 ostendis
1040 2270 1200 2335 mihi
1243 2271 1364 2356 sic,
1410 2271 1773 2338 incredulus
1815 2273 1942 2339 odi.

212 2360 388 2421 Neve
428 2354 640 2420 minor
680 2375 808 2420 neu
850 2355 935 2418 sit
978 2355 1202 2438 quinto
1246 2356 1617 2439 productior
1659 2360 1805 2422 actu

211 2438 486 2522 Fabula,
531 2459 691 2522 quae
732 2438 912 2522 posci
953 2439 1092 2503 vult
1136 2441 1201 2504 et
1243 2443 1528 2523 spectata
1568 2441 1822 2526 reponi3
2045 2455 2142 2505 190

212 2523 353 2589 Nec
398 2522 551 2587 deus
595 2522 876 2606 intersit,
921 2522 1047 2587 nisi
1092 2522 1325 2620 dignus
1369 2523 1620 2589 vindice
1662 2525 1868 2590 nodus

211 2605 547 2691 Inciderit3
591 2627 711 2672 nec
755 2609 981 2691 quarta
1023 2607 1087 2671 lo
1133 2629 1200 2672 u1
1242 2628 1516 2691 persona
1558 2608 1823 2674 laboret.

212 2690 471 2756 Actoris
513 2692 727 2774 partes
772 2689 1001 2755 chorus
1046 2627 1452 2776 ogficiumque
1495 2691 1676 2757 virile

213 2774 561 2859 Defendet,
605 2795 729 2840 neu
775 2773 926 2858 quid
969 2774 1214 2840 medios
1256 2775 1600 2841 intercinat
1642 2781 1824 2842 actus
1837 2825 1857 2861 ,

215 2859 398 2935 Quod
441 2879 575 2923 non
660 2858 947 2942 roposito
991 2859 1307 2924 conducat
1349 2863 1414 2925 et
1454 2859 1714 2926 haereat
1757 2865 1923 2946 apte.
2045 2876 2140 2927 19⁶

211 2941 333 3008 Ille
377 2943 561 3008 bonis
634 2945 938 3027 aveatque
982 2946 1047 3007 et
1090 2943 1459 3010 consilietur
1501 2945 1734 3028 amice,

212 3027 301 3092 Et
343 3029 527 3112 regat
569 3029 767 3091 iratos
810 3029 877 3091 et
918 3029 1090 3091 amet
1129 3048 1359 3111 pacare
1401 3031 1749 3095 tumentes:

211 3111 333 3176 Ille
378 3111 572 3195 dapes
615 3110 832 3175 laudet
872 3131 1129 3176 mensae
1172 3111 1412 3210 brevis,
1457 3113 1566 3177 ille
1611 3113 1929 3179 salubrem

209 3194 536 3261 Iustitiam
578 3194 876 3281 legesque
921 3198 986 3260 et
1030 3195 1265 3279 apertis
1311 3199 1445 3261 otia
1485 3197 1717 3283 portis3

210 3279 332 3345 Ille
374 3282 440 3345 te
487 3281 556 3343 at
599 3278 946 3363 conmissa,
992 3277 1144 3344 deos
1189 3301 1269 3345 ue
1312 3283 1605 3364 precetur
1648 3284 1712 3346 et
1754 3285 1919 3367 oret,
2040 3295 2141 3346 200

210 3363 303 3428 Vt
343 3385 413 3429 re
459 3365 565 3428 eat
606 3361 885 3445 miseris,
932 3362 1120 3427 abeat
1192 3367 1422 3429 ortuna
1465 3364 1774 3449 superbis.

210 3446 398 3515 Tibia
440 3468 607 3531 non,
652 3449 726 3512 ut
766 3468 938 3512 nunc
948 3495 968 3531 ,
1015 3446 1332 3512 orichalco
1377 3447 1593 3513 vincta
1632 3448 1945 3532 tubaeque

207 3531 513 3615 Aemula,
556 3530 669 3598 sed
711 3531 922 3597 tenuis
966 3531 1361 3618 simplexque
1404 3532 1717 3597 foramine
1766 3553 1970 3616 pauco
