2588 4046
153 253 224 328 1.]
967 249 1181 306 LIBER
1222 250 1267 308 1.
1967 240 2083 309 127

156 416 319 482 Cum
361 416 509 479 veto
551 415 617 478 te
660 407 828 497 fieri,
872 433 952 477 va
1041 433 1145 477 am
1186 412 1375 478 iubeo
1421 433 1495 478 ac
1539 412 1941 478 nebulonem.

156 499 279 564 Est
320 498 489 563 inter
532 497 781 595 Tanain
826 435 1125 581 quid'd'am
1169 517 1581 595 socerumque
1624 496 1871 562 Viselli.
1991 507 2087 558 105

155 583 278 648 Est
316 582 546 647 modus
588 604 660 646 1n
701 580 918 665 rebus,
966 584 1116 646 sunt
1159 582 1316 646 certi
1361 581 1630 666 demque
1672 582 1831 646 fines
1843 629 1862 665 ,

157 667 331 743 Quos
375 666 546 731 ultra
591 666 871 749 citu-aque
914 665 1137 749 nequit
1180 665 1526 730 consistere
1568 667 1832 730 rectum.

155 752 347 836 Illuc,
392 750 562 815 unde
606 749 764 834 abii,
806 749 996 815 redeo
1011 798 1029 833 ,
1073 750 1183 834 qui
1224 770 1447 834 nemo,
1491 752 1565 814 ut
1607 770 1862 832 avarus,

156 835 237 902 Se
280 833 511 919 probet
554 855 630 899 ac
670 834 885 918 potius
928 833 1146 898 laudet
1188 834 1437 899 diversa
1479 836 1813 916 sequentes
1828 880 1847 916 ,

156 919 468 1003 Quodque
511 918 720 983 aliena
763 918 1007 1003 capella
1048 920 1232 1003 gerat
1276 917 1614 982 distentius
1657 916 1815 983 uber
1828 965 1847 1001 ,
1990 928 2090 979 110

155 1004 502 1087 Tabescat,
544 1023 752 1086 neque
795 1023 863 1067 se
905 1002 1130 1067 maiori
1218 1002 1622 1086 superiorum

156 1088 410 1153 Turbae
432 1088 753 1171 conparet,
782 1085 954 1151 hunc
977 1024 1358 1170 atquezunc
1380 1107 1676 1170 superare
1697 1084 1972 1168 laboret,

158 1172 262 1239 Sic
304 1171 643 1237 festinanti
688 1191 935 1255 semper
978 1170 1358 1255 locupletior
1400 1171 1638 1254 obstet,

156 1256 273 1341 Vt,
320 1277 469 1321 cum
512 1253 868 1320 carceribus
910 1254 1141 1320 missos
1183 1255 1356 1338 rapit
1395 1255 1640 1340 ungula
1683 1275 1931 1337 currus,

156 1341 369 1406 Instat
412 1339 589 1424 equis
633 1339 854 1425 auriga
896 1360 1045 1404 suos
1087 1339 1521 1423 vincentibus,
1566 1339 1748 1404 illum
1991 1350 2087 1401 115

156 1424 583 1490 Praeteritum
625 1426 917 1488 temnens
961 1426 1277 1489 extremos
1321 1423 1489 1487 inter
1531 1426 1803 1488 euntem.

157 1509 315 1573 Inde
357 1508 465 1593 fit,
508 1511 584 1573 ut
622 1528 797 1592 raro,
844 1508 953 1591 qui
997 1529 1065 1572 se
1108 1507 1342 1572 vixisse
1385 1508 1641 1572 beatum

159 1593 350 1658 Dicat
394 1595 460 1656 et
503 1595 722 1657 exacto
768 1593 1107 1657 contentus
1151 1594 1438 1689 tempore
1479 1592 1614 1656 vita

165 1676 369 1743 Cedat
408 1676 508 1740 uti
552 1676 820 1741 conviva
863 1678 1039 1741 satur
1112 1697 1391 1760 reperire
1435 1696 1755 1773 queamus.

162 1760 297 1825 Iam
344 1759 502 1825 satis
547 1762 662 1824 est.
727 1758 830 1826 Ne
871 1780 975 1824 me
1020 1724 1304 1844 drispini
1348 1760 1581 1824 scrmia

166 1843 537 1928 Conpilasse
578 1846 793 1929 putes,
836 1844 1099 1909 verbum
1140 1864 1274 1909 non
1319 1843 1591 1928 amplius
1622 1760 1715 1908 ldg
1759 1772 2089 1908 iim-12⁰

1073 2135 1166 2211 11.

173 2268 670 2335 Ambubaiarum
714 2268 1013 2354 collegia,
1057 2267 1615 2354 pharmacopolae,

172 2352 478 2437 Mendici,
522 2353 783 2436 mimae,
827 2352 1222 2437 balatrones,
1266 2353 1391 2418 hoc
1434 2375 1637 2438 genus
1682 2374 1871 2418 omne

172 2436 481 2503 Maestum
523 2457 598 2502 ac
639 2437 1048 2503 sollicitumst
1089 2438 1368 2503 cantoris
1413 2440 1619 2502 morte
1661 2436 1921 2522 Tigelli:

175 2520 414 2606 Quippe
436 2521 754 2607 benignus
779 2524 930 2586 erat.
985 2520 1228 2588 Contra
1246 2522 1371 2604 hic,
1395 2544 1478 2587 ne
1499 2520 1804 2606 prodigus
1827 2541 1963 2585 esse

173 2602 431 2670 Dicatur
473 2609 794 2690 metuens,
839 2606 1019 2690 inopi
1063 2605 1211 2671 dare
1252 2606 1421 2671 nolit
1464 2605 1701 2689 amico,
2057 2612 2091 2665 5

175 2687 394 2774 Frigus
437 2711 564 2774 quo
611 2689 954 2773 duramque
996 2690 1231 2755 famem
1272 2690 1628 2774 propellere
1670 2687 1893 2772 possit.

175 2770 355 2838 Hunc
398 2774 454 2839 si
497 2774 920 2857 perconteris,
965 2774 1067 2838 avi
1110 2796 1221 2839 cur
1263 2777 1453 2858 atque
1496 2773 1778 2857 parentis

176 2854 565 2922 Praeclaram
607 2858 863 2943 ingrata
905 2858 1181 2943 stringat
1222 2859 1430 2923 malus
1473 2857 1755 2942 ingluvie
1798 2878 1964 2940 rem,

179 2938 399 3006 Omnia
442 2941 776 3007 conductis
822 2962 1115 3007 coemens
1160 2943 1429 3007 obsonia
1469 2942 1775 3026 nummis;

181 3021 471 3091 Sordidus
515 3028 705 3110 atque
749 3027 946 3091 animi
989 3026 1158 3110 quod
1200 3027 1382 3111 parvi
1422 3026 1587 3091 nolit
1627 3025 1848 3091 haberi
1861 3075 1879 3110 ,
2034 3036 2096 3088 10

180 3105 553 3193 Respondet.
641 3109 963 3176 Laudatur
1007 3112 1085 3176 ab
1128 3110 1230 3175 his
1240 3160 1259 3196 ,
1306 3111 1598 3196 culpatur
1640 3110 1719 3174 ab
1765 3111 1912 3175 illis.
2077 3111 2082 3115 ’

180 3189 448 3259 Fufidius
492 3215 736 3279 vappae
778 3195 1017 3260 famam
1056 3195 1241 3260 timet
1283 3216 1358 3261 ac
1400 3195 1769 3260 nebulonis:

185 3272 389 3433 thm‘ves
434 3279 639 3364 agris,
687 3278 861 3345 dives
904 3279 1131 3364 positis
1174 3280 1245 3344 in
1286 3279 1507 3345 fenore
1549 3277 1871 3365 nummis.]

282 3360 294 3374 '
451 3362 559 3429 hic
603 3363 797 3462 capiti
838 3364 1161 3429 mercedes
1206 3367 1482 3447 exsecat,
1528 3367 1717 3448 atque

188 3439 422 3516 Quanto
465 3446 775 3532 perditior
818 3449 959 3532 quis
1003 3451 1174 3532 uest,
1232 3452 1414 3513 tanto
1460 3451 1663 3513 acrius
1707 3450 1966 3533 urguet3
2035 3458 2094 3508 15

187 3523 449 3597 Nomina
491 3535 798 3618 sectatur,
842 3554 949 3597 mo
996 3554 1033 3598 o
1078 3535 1332 3618 sumpta
1373 3538 1548 3599 veste
1590 3532 1789 3617 virili,
