2588 4046
396 250 516 315 182
1138 247 1563 305 sA'rmARVM
2174 245 2323 316 [vn.

516 416 764 511 Nempe
806 415 1276 478 inamarescunt
1318 410 1540 494 epulae
1584 410 1721 474 sine
1762 408 1889 473 fine
1931 408 2200 491 petitae,

517 499 843 581 Inlus1que
932 497 1078 561 edes
1117 496 1420 560 vitiosum
1461 493 1968 564 ferre.recusant

519 582 785 666 Corpus.
920 602 967 644 n
986 580 1092 645 hic
1113 581 1339 663 peccat
1345 599 1365 662 ‚·
1396 577 1514 642 sub
1535 580 1790 642 noctem
1820 576 1927 660 qui
1999 596 2113 641 uer
2133 596 2326 640 uvam

397 680 495 730 110
521 666 781 732 Furtiva
821 666 1028 729 mutat
1068 663 1332 748 strigili:
1420 662 1486 726 ui
1527 659 1787 745 praedia
1829 681 1951 725 ven
2002 660 2076 743 't‚

519 751 633 817 Nil
661 749 886 815 servile
914 749 1101 833 gulae
1133 766 1366 832 parens
1442 744 1633 809 abet?
1692 744 1908 828 Adde,
1953 743 2124 827 quod
2154 743 2327 808 idem

519 834 673 900 Non
713 834 940 897 horam
982 835 1193 897 tecum
1235 851 1374 895 esse
1416 833 1631 914 potes,
1674 849 1809 893 non
1852 828 1983 892 otia
2023 830 2198 892 recte

518 919 791 1001 Ponere,
837 920 1024 1000 teque
1065 916 1276 1000 ipsum
1318 913 1480 978 vitas
1522 913 1831 999 fugitivus
1877 914 1942 977 et
1983 932 2156 994 erro,

518 1002 658 1067 Iam
699 1001 850 1066 vino
894 1020 1230 1084 quaerens,
1275 998 1402 1063 iam
1451 1017 1676 1062 somno
1719 996 1942 1061 fallere
1984 1016 2238 1080 curam;

400 1099 495 1153 115
523 1086 816 1152 Frustra:
891 1105 1042 1149 nam
1116 1103 1331 1149 comes
1395 1084 1532 1145 atra
1650 1080 1840 1146 remit
1912 1079 2329 1163 sequiturque

1605 1103 1944 1251 gagacem?

525 1254 732 1319 ‘Vnde
772 1252 932 1318 mihi
970 1250 1315 1336 lapidem?'
1379 1249 1785 1348 ‘Quorsumst
1822 1269 1982 1333 opus
1993 1247 2053 1311 ’θ’
2113 1247 2330 1313 ‘Vnde

525 1424 684 1520 ‘Aut
709 1422 949 1518 insanit
975 1422 1167 1486 homo
1199 1423 1312 1485 aut
1337 1440 1555 1484 versus
1582 1331 2047 1514 fzffifflsgcius
2077 1391 2231 1482 hinc
2261 1419 2331 1482 te

521 1506 611 1573 Νι
653 1527 856 1590 rapis,
909 1506 1168 1571 accedes
1213 1525 1408 1589 opera
1450 1523 1605 1589 agro
1649 1522 1823 1568 nona
1866 1499 2150 1567 Sabmo.’

1260 1793 1454 1868 VIH.

523 1926 636 1991 ‘Vt
674 1924 1007 1993 Nasidieni
1050 1924 1211 1989 iuvit
1252 1927 1318 1989 te
1363 1944 1521 1989 cena
1561 1922 1776 1988 beati?

521 2010 689 2077 Nam
732 2009 891 2075 mihi
935 2008 1265 2094 quaerenti
1309 2008 1642 2074 convivam
1685 2006 1890 2073 dictus
1931 2006 2084 2071 here
2125 2005 2261 2072 illic

520 2095 620 2160 De
662 2095 870 2160 medio
914 2096 1135 2177 potare
1178 2092 1325 2158 die.’
1413 2092 1573 2176 (Βία,
1616 2094 1691 2156 ut
1731 2090 1890 2155 mihi
1932 2111 2285 2175 numquam

520 2178 602 2243 In
638 2180 771 2243 vita
810 2178 1006 2243 fuerit
1046 2177 1314 2242 melius.’
1401 2176 1555 2260 (Βῆ,
1600 2176 1655 2241 si
1696 2196 1890 2261 grave
1930 2196 2066 2240 non
2109 2178 2239 2258 est,

451 2276 485 2326 ⁵
522 2262 1229 2430 fflffiffiffi
1269 2259 2181 2428 Vssssgei‘ssnssffimsssssff

406 2434 414 2443 “
522 2429 793 2513 Captus,
835 2433 909 2494 ut
951 2429 1160 2495 aiebat
1187 2428 1396 2495 ‘cenae
1444 2432 1658 2513 pater:
1703 2427 1872 2493 acria
1913 2427 2154 2492 circum

518 2513 769 2599 Rapula
778 2561 797 2597 ,
841 2514 1151 2597 lactucae,
1193 2512 1440 2578 radices
1514 2512 1729 2596 qualia
1766 2512 2006 2576 lassum
2173 2519 2186 2532 ·

520 2597 890 2662 Pervellunt
931 2596 1358 2680 stomachum,
1405 2561 1591 2680 siser,
1637 2596 1828 2679 allec,
1875 2595 2124 2660 faecula
2168 2595 2325 2661 Coa.

427 2695 490 2744 ιο
517 2681 640 2745 His
681 2681 792 2747 ubi
836 2681 1101 2746 sublatis
1143 2701 1306 2764 puer
1346 2681 1472 2746 alte
1518 2681 1761 2746 cinctus
1803 2700 2100 2744 acernam

522 2764 816 2850 Gausape
857 2787 901 2848 p
1022 2785 1173 2829 ureo
1216 2786 1503 2830 mensam
1544 2763 1872 2848 pertersit,
1918 2766 1983 2828 et
2024 2763 2190 2828 alter

523 2847 815 2996 Sublegit
856 2869 981 2932 quo
1028 2868 1171 2913 cum
1213 2869 1292 2913 ue
1334 2849 1572 2914 iaceret
1611 2848 1837 2913 inutile
1880 2847 2175 2931 quodque

521 2932 716 2997 Posse
790 2936 1089 2998 cenantes
1134 2953 1172 2997 o
1224 2932 1454 2998 endere
1468 2958 1483 2973 ·
1529 2934 1603 2997 ut
1642 2932 1860 2997 Attica
1899 2932 2083 3017 virgo

521 3015 685 3082 Cum
729 3017 927 3081 sacris
971 3015 1217 3082 Cereris
1260 2982 1550 3099 procedit
1591 3015 1808 3081 fuscus
1850 3014 2222 3099 Hydaspes,

427 3113 489 3162 15
520 3099 811 3166 Caecuba
852 3101 1004 3165 vina
1044 3100 1255 3165 ferens
1266 3147 1285 3183 ,
1329 3101 1542 3165 Alcon
1563 3098 1795 3165 Chium
1837 3099 2030 3163 maris
2075 3118 2322 3183 expers.

519 3184 646 3250 Hic
690 3205 831 3248 erus
875 3184 1249 3268 ‘Albanum‚
1291 3183 1660 3268 Maecenas,
1706 3184 1838 3248 sive
1880 3182 2225 3247 Falernum

520 3267 611 3332 Te
640 3268 847 3353 magis
892 3268 1199 3353 adpositis
1242 3268 1544 3333 delectat:
1588 3267 1894 3332 habemus
1937 3269 2323 3350 utrumque!

521 3351 819 3416 ‘Divitias
861 3353 1150 3417 miseras!
1218 3351 1345 3417 Sed
1388 3352 1530 3436 quis
1575 3351 1947 3416 cenantibus
1990 3371 2151 3434 una,

519 3436 843 3519 Fundani,
886 3436 1149 3520 pulchre
1192 3436 1385 3500 fuerit
1424 3435 1574 3519 tibi,
1619 3449 1811 3500 nosse
1855 3434 2123 3499 laboro!

424 3532 493 3581 20
522 3519 841 3585 ‘Summus
864 3540 983 3604 ego
1006 3523 1072 3585 et
1097 3541 1297 3605 prope
1316 3540 1419 3584 me
1440 3518 1671 3585 Viscus
1694 3518 2015 3585 Thurinus
2040 3521 2106 3583 et
2133 3518 2323 3600 infra,
