2588 4046
128 233 243 307 ΙΙο]

969 232 1184 288 LIBER
1224 232 1297 288 Π.

375 394 722 459 Redditum
768 392 933 477 Cyri⁵
965 393 1127 457 solio
1171 393 1534 462 Phrahaten

373 478 709 543 Dissidens
754 477 927 562 plebi
967 498 1232 556 numero
1279 479 1612 544 beatorum

373 560 893 711 Εκῦηὲῗοζῖήὲιὲ
946 562 1378 645 populumque
1422 563 1600 627 falsis

373 762 659 828 Vocibus
673 812 692 847 ,
736 784 1007 861 regnum
1052 766 1117 828 et
1161 762 1451 827 diadema
1492 765 1703 827 tutum

373 846 687 912 Deferens
730 869 844 912 um
885 847 1335 931 propriamque
1380 848 1658 930 laurum,

373 930 679 1014 Quisquis
721 932 1018 1016 ingentes
1064 933 1247 996 oculo
1293 931 1606 995 inretorto

474 1013 735 1099 Spectat
777 1036 1054 1081 acervos.

1058 1269 1185 1344 ΙΠ.

374 1401 670 1484 Aequam
711 1402 1031 1465 memento
1075 1401 1263 1464 rebus
1307 1401 1378 1463 in
1422 1401 1633 1465 arduis

373 1484 643 1550 Servare
687 1487 997 1567 mentem,
1041 1504 1175 1549 non
1218 1505 1399 1548 secus
1443 1485 1513 1549 in
1555 1486 1742 1551 bonis

472 1569 579 1633 Ab
622 1569 927 1632 insolenti
969 1571 1382 1651 temperatam

574 1652 880 1736 Laetitia,
925 1652 1229 1717 moriture
1273 1651 1476 1735 Delli,

377 1770 509 1835 Seu
552 1772 829 1835 maestus
874 1770 1050 1834 omni
1092 1772 1379 1852 tempore
1423 1769 1684 1853 vixeris,

372 1853 507 1920 Seu
549 1857 615 1918 te
658 1855 728 1918 in
768 1855 1013 1917 remoto
1057 1853 1346 1937 gramine
1400 1875 1514 1937 per
1557 1853 1690 1917 dies

471 1936 697 2002 Festos
740 1936 1118 2002 reclinatum
1159 1937 1367 2001 bearis

574 2021 884 2086 Interiore
926 2025 1082 2085 nota
1123 2020 1395 2087 Falerni.

370 2141 522 2216 Quo
567 2140 756 2224 pinus
800 2140 1030 2224 ingens
1074 2140 1342 2222 albaque
1384 2140 1657 2236 populus

238 2282 259 2298 ,
367 2223 688 2289 Umbram
730 2222 849 2287 hos
895 2224 1113 2287 italem
1156 2243 1519 2287 oonsoolare
1563 2226 1780 2287 amant

471 2306 741 2371 Remis?
888 2306 997 2370 uid
1041 2307 1300 2390 obliquo
1346 2307 1596 2371 laborat

575 2390 868 2475 Lympha
908 2391 1104 2475 fugax
1144 2391 1462 2474 trepidare
1505 2390 1687 2454 rivo?

367 2507 526 2572 Huc
568 2507 718 2571 vina
760 2510 825 2571 et
866 2509 1192 2593 unguenta
1234 2510 1300 2572 et
1340 2507 1630 2572 nimium‘
1653 2508 1874 2572 breves

370 2592 602 2657 Flores
648 2611 950 2655 amoenae
999 2591 1163 2655 ferre
1207 2591 1352 2655 iube
1394 2613 1604 2675 rosae,

470 2674 646 2740 Dum
688 2696 789 2739 res
835 2677 900 2739 et
942 2678 1114 2739 aetas
1158 2676 1224 2739 et
1266 2696 1554 2740 sororum

575 2757 717 2822 Fila
757 2758 952 2823 trium
993 2759 1328 2843 patiuntur
1368 2762 1521 2823 atra.

369 2876 587 2942 Cedes
631 2876 940 2959 coemptis
985 2876 1251 2941 saltibus
1298 2879 1363 2941 et
1406 2877 1594 2940 domo

367 2960 516 3026 Vill
596 2981 706 3044 ue,
749 2960 949 3025 flavus
994 2982 1183 3044 quam
1227 2960 1475 3024 Tiberis
1519 2960 1708 3044 lavit,

473 3043 566 3128 Oe
612 3065 708 3127 es,
755 3046 822 3108 et
864 3045 1199 3109 exstructis
1243 3045 1314 3108 in
1357 3043 1558 3108 altum

576 3126 835 3192 Divitiis
878 3128 1158 3211 potietur
1198 3127 1402 3193 heres.

368 3239 674 3321 Divesness
702 3246 916 3329 priseo
959 3247 1146 3309 natus
1191 3246 1270 3309 ab
1314 3245 1554 3310 Inacho

368 3330 495 3396 Nil
540 3329 807 3394 interest
849 3351 933 3393 an
974 3350 1215 3413 pauper
1257 3332 1323 3393 et
1363 3330 1583 3394 infima

471 3412 574 3478 De
662 3416 809 3478 ente
854 3413 972 3478 sub
1017 3413 1162 3478 divo
1206 3415 1503 3497 moreris,

636 3499 858 3564 iotima
900 3497 996 3561 nil
1037 3497 1399 3563 miserantis
1446 3497 1611 3562 Oroi.

242 3603 535 3644 Eoum
1766 3601 1802 3652 3

2034 2221 2124 2286 10¹

2037 2688 2103 2737 1⁵

2035 3140 2102 3189 20
