2588 4046
204 254 367 326 m]

1047 250 1264 306 LIBER
1304 249 1376 307 11.

429 413 568 481 Nec
611 434 836 479 saevos
878 412 1181 497 Lapithas
1226 413 1292 478 eb
1332 412 1602 476 nimium
1643 432 1821 476 mero

430 498 748 583 Hylaeum
792 498 1191 582 domitosque
1234 496 1550 561 Herculea
1590 518 1784 560 manu

434 583 706 648 Telluris
750 582 1038 664 iuvenca,
1082 581 1251 645 unde
1341 580 1646 645 ericulum

527 667 809 752 Fulgens
855 665 1238 732 contremuiss
1327 685 1509 729 omus

437 784 697 850 Saturni
737 785 998 850 veteris:
1062 787 1135 848 tu
1177 803 1257 846 ue
1346 781 1701 847 edesfflbus

437 867 630 934 Dices
669 868 957 933 historiis
1005 888 1159 952 proe
1192 867 1204 881 ‘
1313 867 1611 949 ,aesariffi

435 952 802 1036 Maecenas,
846 952 1071 1017 melius
1116 952 1427 1035 ductaque
1470 972 1588 1036 per
1629 951 1762 1015 vias

528 1037 778 1122 Regum
822 1037 988 1101 colla
1027 1035 1395 1101 minacium.

439 1154 547 1219 Me
591 1154 807 1219 dulces
852 1154 1144 1219 dominae
1188 1152 1375 1218 Musa
1414 1152 1783 1235 Licymniae

440 1238 712 1323 Cantus,
756 1259 858 1302 me
901 1238 1106 1303 voluit
1149 1237 1357 1302 dicere
1398 1236 1680 1302 lucidum

437 1322 558 1389 Ful
606 1326 784 1388 entes
829 1323 1047 1387 oculos
1092 1324 1156 1386 et
1194 1321 1358 1386 bene
1402 1321 1638 1386 mutuis

529 1345 758 1472 ngdum
800 1409 1022 1491 pectus
1067 1404 1419 1491 amoribus;

438 1524 644 1600 Quam
684 1545 806 1589 nec
847 1525 1011 1588 ferre
1054 1523 1283 1608 pedem
1326 1521 1616 1587 dedecuit
1658 1520 1867 1587 choris

436 1608 576 1674 Nec
621 1611 859 1673 certare
904 1608 1044 1673 ioco
1087 1629 1208 1672 nec
1252 1607 1401 1671 dare
1444 1605 1740 1671 bracchia

438 1692 791 1758 Ludentem
833 1691 1053 1756 nitidis
1097 1690 1455 1776 virginibus
1500 1711 1677 1755 sacro

532 1776 777 1841 Dianae
821 1775 1088 1841 celebris
1133 1775 1254 1840 die.

439 1894 614 1960 Num
655 1897 728 1958 tu
770 1915 928 1977 quae
973 1893 1181 1957 tenuiiz
1222 1893 1399 1957 dives
1440 1891 1880 1957 Achaemenes

441 1978 575 2044 Aut
615 1978 873 2063 pinguis
917 1976 1231 2062 Phrygiae
1272 1976 1655 2063 Mygdonias
1700 1997 1851 2062 opes

441 2063 807 2127 Permuizare
848 2063 1007 2128 velis
1052 2062 1225 2127 crine
1269 2060 1635 2144 Licymniae

534 2146 765 2212 Plenas
809 2149 920 2211 aut
962 2146 1247 2210 Arabum
1292 2145 1514 2210 domos
1524 2194 1544 2229 ,

442 2263 613 2328 Dum
654 2263 991 2349 flagrantia
1032 2263 1367 2347 detorquet
1409 2262 1489 2328 ad
1533 2264 1748 2328 oscula

446 2346 769 2413 Cervicem
781 2396 801 2431 ,
846 2351 956 2413 aut
998 2347 1173 2412 facili
1216 2347 1479 2411 saevitia
1520 2351 1745 2433 negat,

445 2431 618 2507 Quae
664 2435 968 2516 poscente
1010 2431 1216 2517 magis
1258 2430 1534 2516 gaudeat
1576 2432 1766 2515 eripi,

535 2515 864 2581 Interdum
905 2536 1126 2600 rapere
1170 2517 1457 2600 occupat

1090 2772 1285 2848 xm.

448 2903 567 2968 me
608 2906 674 2969 εὴ
711 2903 964 2969 nefasto
1008 2907 1073 2968 te
1116 2904 1333 2988 posuit
1377 2903 1508 2986 die,

451 2986 840 3072 Quicumque
882 2988 1190 3072 primum,
1235 2991 1303 3053 et
1343 2988 1653 3073 sacrilega
1694 3009 1887 3054 manu

540 3070 878 3169 Produxit3
923 3072 1140 3156 arboe,
1184 3072 1255 3136 in
1297 3075 1604 3157 nepotum

619 3153 975 3222 Perniciem
1020 3155 1553 3240 opprobriumque
1597 3156 1778 3242 pagi3

452 3272 638 3338 Illum
681 3277 747 3338 et
785 3274 1068 3358 parentis
1112 3273 1487 3339 crediderim
1530 3274 1630 3338 sui

455 3355 535 3421 Fr
619 3357 634 3372 ‘
671 3378 739 3422 se
782 3358 1091 3424 cervicem
1134 3361 1201 3422 et
1241 3357 1593 3442 penetralia

587 3442 859 3526 pai-sisse
901 3446 1216 3508 nocturno
1260 3463 1483 3507 cruore

623 3525 943 3612 Hospitis3
988 3527 1098 3592 ille
1143 3548 1387 3592 venena
1431 3525 1671 3592 Colcha

2070 244 2151 306 41

2091 878 2155 927 10

2092 1331 2154 1381 15

2090 1786 2161 1838 20
