2588 4046
459 244 580 308 144
1196 244 1622 302 sATfflARvn
1996 335 2015 350 Ο
2262 245 2379 319 [vx.

453 425 520 474 60
585 410 739 494 Sed,
785 410 953 495 quod
998 431 1201 492 eram,
1244 429 1456 473 narro,
1529 407 1934 492 Respondes,
1978 409 2052 472 ut
2091 409 2241 472 tuus
2286 409 2385 472 est

1666 513 1807 557 mos

577 579 814 643 Pauca:
848 578 1037 662 abeo,
1069 580 1134 642 et
1161 598 1422 643 revocas
1451 588 1624 642 nono
1654 579 1806 660 post
1815 541 2051 641 ’mense
2079 575 2382 660 iubesque

577 663 739 728 Esse
761 664 830 726 in
852 663 1199 727 amicorum
1218 682 1508 726 numero,
1565 661 1876 746 Magnum
1910 659 2036 725 hoc
2056 681 2176 746 ego
2200 660 2383 743 ducO,

582 747 766 823 Quod
807 746 1020 831 placui
1061 746 1180 810 tibi
1259 746 1370 829 qui
1411 745 1586 829 turpi
1628 745 1904 810 secernis
1948 743 2285 809 honestum
2300 793 2320 828 ,

517 884 521 888 ⁴
579 831 732 897 Non
766 834 952 928 patre
994 851 1185 913 praec
1211 850 1322 894 aro
1367 829 1478 894 sed
1521 829 1654 894 vita
1696 832 1762 894 et
1801 830 2057 913 pectore
2099 849 2281 912 puro.

455 929 519 977 65
583 917 783 1000 Atqui
828 916 885 979 si
926 914 1099 978 vitiis
1140 913 1566 979 mediocribus
1610 934 1684 979 ac
1725 934 1868 978 mea
1955 913 2129 978 aucis

582 999 955 1082 Mendosast
994 1001 1253 1081 natura,
1300 998 1426 1062 alio
1472 998 1540 1061 ui
1581 999 1783 1081 recta,
1827 1018 1904 1061 ve
1931 1000 2004 1061 ut
2046 997 2103 1061 si

579 1073 870 1169 Εςῐῖζὸό
911 1083 1232 1167 inspersos
1274 1103 1460 1166 repre
1508 1081 1703 1147 endas
1748 1091 2012 1165 'corpore
2054 1101 2296 1146 naevos
2309 1130 2327 1165 ,

583 1167 652 1232 Si
693 1188 899 1251 neque
943 1166 1274 1231 avaritiam
1311 1187 1517 1249 neque
1559 1166 1777 1231 sordes
1818 1186 1939 1230 nec
1966 1165 2137 1229 mala
2179 1165 2387 1230 lustra

582 1251 833 1316 Obiciet
873 1272 1020 1316 vere
1107 1251 1400 1334 uisquam
1441 1250 1631 1333 mihi,
1675 1271 1871 1334 purus
1916 1252 1981 1314 et
2022 1250 2248 1314 insons

456 1348 522 1397 70
579 1334 671 1400 Vt
711 1357 813 1400 me
857 1336 1063 1400 collau
1109 1357 1208 1399 em
1285 1335 1341 1398 si
1385 1338 1450 1399 et
1490 1333 1634 1399 vivo
1681 1354 1862 1398 carus
1906 1333 2158 1398 amicis:

583 1418 789 1484 Causa
830 1419 954 1484 fuit
1041 1422 1174 1484 ater
1215 1384 1318 1482 bis
1332 1467 1351 1503 ,
1399 1418 1507 1501 qui
1548 1439 1762 1483 macro
1806 1438 2047 1503 pauper
2089 1418 2301 1514 agello

580 1502 808 1568 Noluit
849 1504 920 1567 in
961 1442 1143 1567 ffiavi
1186 1502 1407 1568 ludum
1449 1523 1552 1566 me
1595 1502 1880 1586 mittere,
1923 1522 2146 1588 magni

583 1586 722 1662 Quo
765 1587 948 1671 pueri
990 1587 1244 1684 magnis
1290 1608 1326 1651 e
1369 1586 1845 1651 centurionibus
1888 1587 2044 1670 orti,

581 1671 790 1737 Laevo
838 1692 1130 1755 suspens1
1173 1672 1418 1735 loculos
1461 1670 1865 1754 tabulamque
1909 1671 2180 1754 lacerto,

456 1766 521 1818 '15
586 1755 778 1820 Ibant
819 1758 1082 1820 octonos
1111 1754 1457 1820 referentes
1502 1754 1720 1819 Idibus
1766 1754 1927 1820 aeris
1940 1803 1958 1836 ‚

584 1839 708 1905 Sed
749 1842 1079 1924 puerumst
1121 1860 1310 1905 ausus
1352 1839 1624 1904 Romam
1666 1841 1920 1923 portare
1963 1838 2327 1904 docendum

581 1923 803 2008 Artes,
849 1945 1005 2007 quas
1049 1924 1275 1988 doceat
1359 1923 1520 1988 uivis
1550 1944 1740 2007 eques
1771 1926 1961 2008 atque
2002 1925 2260 1988 senator

587 2007 803 2073 Semet
841 2009 1213 2094 prognatos·
1365 2010 1562 2073 estem
1607 2029 1945 2092 servosque
1988 2009 2361 2092 sequentes,

580 2092 661 2156 In
702 2114 940 2178 magno
984 2096 1058 2158 ut
1098 2093 1369 2190 populo,
1415 2084 1579 2176 siqui
1622 2092 1914 2176 vidisset,
1961 2093 2134 2157 avita

455 2188 523 2239 80
584 2177 685 2242 Ex
726 2198 795 2242 re
837 2176 1130 2274 praeben
1172 2179 1461 2261 sumptus
1505 2176 1665 2240 mihi
1707 2176 1989 2242 crederet
2028 2176 2199 2241 illos.

583 2261 729 2344 Ipse
773 2260 931 2324 m1hi
977 2263 1191 2326 custos
1233 2261 1821 2345 incorruptissimus
1866 2282 2087 2326 omnes

583 2344 838 2410 Circum
882 2344 1174 2409 doctores
1218 2344 1455 2410 aderat.
1531 2345 1697 2421 Quid
1740 2346 1982 2410 multa?
2052 2344 2388 2430 Pudicam,

440 2478 460 2497 .
584 2428 705 2505 Qui
748 2429 990 2513 primus
1033 2429 1285 2493 virtutis
1330 2427 1566 2513 honos,
1611 2430 1886 2495 servavit
1927 2428 2008 2493 ab
2052 2429 2230 2494 omni

581 2513 734 2579 Non
762 2513 969 2578 solum
1013 2513 1183 2578 facto
1195 2562 1215 2597 ,
1259 2533 1480 2578 verum
1510 2514 1854 2598 opprobrio
1887 2534 2135 2597 quoque
2176 2515 2387 2598 turpi,

454 2608 520 2659 85
585 2597 723 2662 Nec
764 2597 1007 2680 timuit,
1054 2597 1176 2662 sibi
1219 2617 1302 2661 ne
1345 2597 1501 2662 vitio
1548 2597 1688 2680 quis
1733 2600 2035 2681 verteret,
2079 2598 2237 2662 olim

583 2680 651 2746 Si
694 2702 921 2765 praeco
965 2702 1194 2765 parvas
1239 2684 1378 2764 aut,
1425 2683 1496 2745 ut
1536 2681 1661 2746 fuit
1700 2682 1874 2767 ipse,
1920 2684 2173 2748 coactor

579 2764 903 2830 Mercedes
950 2786 1269 2850 sequerer3
1314 2786 1520 2849 neque
1550 2787 1905 2913 egchessem
1949 2768 2226 2850 questus.
2293 2768 2387 2831 At

1717 2870 1792 2915 oc
1822 2871 1995 2915 nunc

579 2933 746 2997 Laus
790 2932 887 2997 illi
932 2932 1196 2998 debetur
1240 2936 1305 2998 et
1347 2955 1386 2998 a
1427 2955 1529 2999 me
1572 2935 1785 3019 gratia
1826 2935 2048 3000 maior.

580 3017 692 3083 Nil
735 3038 837 3081 me
880 3018 1204 3101 paeniteat
1247 3039 1473 3082 sanum
1516 3019 1717 3102 patris
1760 3018 1947 3084 huius
1959 3068 1977 3103 ,
2023 3039 2224 3104 eoque

453 3113 521 3162 90
587 3100 739 3166 Non
812 3104 887 3165 ut
913 3123 1148 3186 magna
1178 3101 1325 3167 dolo
1369 3102 1608 3167 factum
1636 3106 1834 3189 negat
1862 3124 1999 3168 esse
2043 3124 2157 3169 suo
2202 3125 2352 3188 pars
2362 3152 2380 3187 ,

583 3149 767 3260 Quod
808 3205 943 3249 non
985 3187 1056 3249 in
1104 3207 1302 3250 enuos
1345 3185 1576 3251 habeat
1618 3187 1949 3272 clarosque
1990 3191 2317 3272 parentes,

583 3268 688 3333 Sic
730 3289 832 3332 me
877 3268 1065 3333 defen
1110 3291 1234 3334 am.
1322 3269 1544 3355 Longe
1587 3292 1729 3336 mea
1771 3271 2088 3356 discrepat
2128 3272 2272 3337 istis

582 3352 671 3417 Et
710 3373 835 3417 vox
880 3355 944 3417 et
984 3354 1179 3419 ratio:
1224 3376 1376 3418 nam
1421 3354 1476 3418 si
1518 3357 1747 3420 natura
1787 3356 2034 3421 iuberet

581 3436 641 3500 A
687 3436 876 3501 certis
920 3439 1103 3502 annis
1147 3459 1374 3503 aevum
1415 3459 1696 3505 remeare
1738 3443 2066 3524 peractum

456 3529 519 3582 95
583 3520 791 3604 Atque
815 3521 975 3586 alios
998 3523 1228 3609 legere,
1270 3522 1352 3586 ad
1373 3522 1609 3588 fastum
1635 3544 2062 3610 quoscumque
2082 3530 2374 3612 parentes
