2588 4046
222 255 362 328 m]
1018 256 1234 312 LIBER
1275 256 1345 314 11.
2029 251 2144 316 181

226 417 399 484 ‘Non
427 438 569 482 sum
591 418 918 482 moechus’
949 419 1068 484 ais.
1124 417 1350 502 Neque
1379 440 1541 567 egq}
1568 419 1855 504 hercule,
1897 419 2022 502 fur,

899 549 916 567 .
1434 525 1477 567 u
1521 525 1545 568 1
1585 524 1739 568 vasa

221 585 558 650 Praetereo
603 586 857 669 sapiens
900 588 1221 671 argentea.
1309 585 1490 651 Tolle
1532 588 1869 672 periclum3

221 670 358 733 Iam
403 690 570 765 vaga
609 669 902 753 prosiliet
939 670 1142 734 frenis
1184 673 1416 735 natura
1457 671 1737 736 remotis.

221 753 401 817 Tune
430 752 590 816 mihi
628 752 950 836 dominus,
994 773 1207 818 rerum
1235 754 1520 838 imperiis
1562 754 2018 839 hominumque
2083 767 2151 817 ⁷5

221 837 346 902 'rot
372 836 698 920 tantisque
726 837 965 919 minor,
1009 857 1199 920 quem
1240 841 1340 902 ter
1368 837 1652 903 vindicta
1681 842 2026 923 quaterque

221 921 296 985 In
387 921 513 985 sita
553 920 718 985 haud
760 941 1063 1004 umquam
1104 920 1338 986 misera
1377 922 1717 986 formidine
1772 922 2021 1007 privet?

222 1006 280 1069 A
326 1004 405 1070 de
431 1025 652 1088 super,
697 1003 883 1069 dictis
925 1004 1096 1088 quod
1136 1025 1271 1070 non
1314 1005 1516 1071 levius
1559 1006 1796 1072 valeat:
1840 1028 1991 1071 nam
2001 1056 2021 1089 ,

224 1087 368 1154 Sive
405 1087 683 1153 vicarius
727 1091 852 1172 est,
895 1087 1007 1172 qui
1049 1109 1232 1154 servo
1276 1092 1492 1173 paret,
1535 1091 1631 1155 uti
1671 1111 1812 1155 mos

220 1171 450 1238 Vester
505 1171 597 1236 ait
604 1220 624 1255 ‚
681 1192 793 1236 seu
848 1191 1217 1258 conservus3
1273 1173 1394 1238 tibi
1436 1173 1600 1323 §uid
1661 1196 1801 1239 sum
1855 1174 2021 1260 ego?
2083 1187 2152 1236 eo

1503 1278 1603 1322 em
1651 1279 1685 1322 e

220 1340 351 1423 Tu,
394 1339 553 1405 mihi
596 1340 708 1423 qui
745 1340 1076 1424 imperitas
1076 1388 1106 1438 J
1151 1341 1296 1405 aliis
1339 1343 1538 1406 servis
1580 1280 1775 1407 npiiser
1817 1344 2005 1426 atque

219 1424 490 1489 Duceris
530 1426 605 1487 ut
644 1424 858 1488 nervis
899 1424 1127 1488 aliems
1168 1424 1407 1489 mobile
1449 1425 1718 1510 lignum.

220 1507 530 1584 Quisnam
549 1507 749 1592 igitur
775 1507 981 1572 liber?
1027 1506 1318 1592 Sapiens,
1350 1508 1474 1573 sibi
1494 1510 1604 1593 qui
1625 1510 2024 1594 imperiosus,

221 1591 427 1668 Quem
454 1612 662 1675 neque
704 1592 1038 1675 pauperies
1079 1612 1287 1676 neque
1313 1612 1501 1740 moriz
1528 1613 1735 1740 neqpe
1772 1593 2029 1658 vincula

1501 1697 1650 1741 rren

219 1761 624 1843 Responsare
669 1759 1103 1843 cupidinibus,
1148 1762 1556 1824 contemnere
1598 1724 1876 1824 honores
2084 1772 2150 1823 8⁶

220 1843 464 1927 Fortis,
511 1846 576 1908 et
615 1843 687 1907 in
716 1864 785 1907 se
828 1843 970 1926 ipso
1013 1845 1217 1926 totus,
1261 1846 1428 1908 teres
1467 1845 1655 1927 atque
1681 1843 2023 1927 rotundus,

218 1927 490 1993 Externi
531 1926 769 2011 nequid
810 1927 1022 1992 valeat
1061 1948 1175 2010 per
1216 1927 1355 1992 leve
1396 1928 1660 2010 morari,

220 2011 300 2077 In
386 2033 532 2077 uem
573 2032 801 2076 manca
840 2011 971 2076 ruit
1012 2032 1262 2095 semper
1304 2010 1579 2078 fortuna.
1665 2011 1941 2077 Potesne

220 2095 320 2161 Ex
402 2096 416 2109 ⁶
473 2098 548 2161 ut
573 2116 691 2180 pro
738 2096 904 2160 rium
932 2095 1086 2179 quid
1105 2096 1417 2161 noscere?
1463 2094 1755 2181 Quinque
1784 2097 2027 2162 talenba

225 2180 442 2245 Poscit
481 2182 546 2244 te
587 2202 655 2244 m
701 2178 847 2263 ·‘er,
891 2182 1079 2245 vexat
1118 2179 1488 2264 foribusque
1530 2181 1855 2266 repulsum
2084 2193 2152 2243 90

223 2262 560 2329 Perfundit
599 2263 841 2350 gelida,
883 2284 1104 2329 rursus
1147 2267 1363 2329 vocat:
1409 2265 1580 2348 eripe
1772 2266 1797 2328 i

223 2347 410 2414 Colla
436 2348 589 2433 iugo
601 2396 621 2429 ,
667 2347 881 2430 ‘liber,
914 2347 1077 2413 liber
1106 2352 1302 2430 sum?
1334 2347 1435 2413 dic
1463 2350 1612 2433 age!
1737 2369 1825 2413 on
1852 2349 2023 2432 quis:

225 2432 317 2495 Vr
408 2434 473 2496 et
513 2432 686 2496 enim
730 2431 1026 2496 dominus
1068 2435 1351 2496 mentem
1390 2453 1525 2496 non
1567 2432 1729 2497 lenis
1758 2435 1823 2497 et
1849 2453 2026 2497 acres

223 2516 310 2581 Su
358 2516 552 2581 iectat
589 2516 762 2580 lasso
808 2515 1101 2580 stimulos
1143 2519 1477 2599 versatque
1518 2518 1881 2600 negantem.

226 2598 344 2664 Vel
387 2620 533 2665 cum
571 2598 880 2665 Pausiaca
918 2602 1169 2684 torpes,
1211 2599 1435 2663 insane
1509 2599 1774 2681 tabella,
2085 2611 2152 2662 ⁹⁸

223 2683 348 2759 Qui
368 2704 595 2767 peccas
615 2683 830 2748 minus
849 2686 1042 2766 atque
1063 2703 1184 2768 ego
1197 2732 1216 2766 ,
1241 2703 1389 2748 cum
1407 2648 1594 2747 F‘ulvi
1614 2681 2027 2766 Rutubaeque

222 2769 358 2832 Aut
409 2766 780 2832 Pacideiani
831 2769 1134 2832 contento
1179 2767 1424 2851 poplite
1466 2767 1665 2831 miror

222 2850 475 2916 Proelia
516 2850 771 2916 rubrica
810 2851 986 2934 picta
1028 2854 1140 2915 aut
1179 2850 1486 2935 carbone,
1528 2850 1705 2915 velut
1747 2850 1804 2915 si

223 2934 317 2999 Re
361 2955 511 2999 vera
551 2937 874 3032 pugnent,
920 2934 1156 2999 feriant
1197 2935 1526 3018 vitentque
1566 2937 1902 2999 moventes

225 3021 424 3083 Arma
465 3017 628 3083 vin?
693 3017 988 3102 Nequam
1031 3021 1095 3083 et
1137 3022 1419 3084 cessator
1460 3017 1707 3103 Davus3
1752 3021 1821 3084 at
1862 3019 1999 3103 ipse
2058 3031 2156 3081 100

223 3100 490 3167 Subfflis
533 3105 819 3167 veterum
860 3102 1050 3167 iudex
1093 3106 1159 3167 et
1199 3102 1465 3168 callidus
1508 3102 1707 3167 audis.

221 3185 334 3253 Nil
376 3206 532 3271 ego,
577 3185 634 3250 si
677 3185 873 3251 ducor
913 3185 1048 3250 libo
1089 3187 1406 3251 fumante:
1448 3186 1569 3251 tibi
1612 3188 1842 3284 ingens

223 3268 446 3334 Virtus
488 3272 680 3354 atque
717 3270 973 3335 animus
1018 3271 1192 3335 cenis
1232 3274 1574 3355 responsat
1614 3270 1890 3354 opmis?

225 3352 617 3437 Obsequium
660 3354 900 3419 ventris
941 3353 1103 3419 mihi
1144 3354 1565 3452 perniciosius
1608 3357 1708 3419 est
1749 3354 1904 3418 cur?

225 3436 431 3523 Tergo
476 3438 725 3521 plector
765 3438 958 3503 enim.
1044 3437 1168 3514 Qm
1208 3441 1282 3503 tu
1323 3438 1678 3523 inpunitior
1719 3437 1859 3519 illa,
2062 3450 2155 3499 105

226 3520 400 3598 Quae
442 3542 640 3605 parvo
684 3523 851 3587 sumi
893 3525 1248 3606 nequeunt,
1294 3522 1565 3587 obsonia
1607 3521 1872 3605 captas?
