2588 4046
499 243 625 309 220
1209 243 1722 301 mmmmm
2364 244 2431 318 [1.

625 409 926 492 Securus,
974 408 1158 474 cadat
1200 429 1282 472 an
1320 409 1494 472 recto
1540 409 1666 471 stet
1706 406 1924 472 fabula
1964 407 2120 472 talo.

624 493 828 569 Quem
869 493 1021 557 tulit
1062 491 1143 556 ad
1187 512 1482 557 scaenam
1525 493 1791 556 ventoso
1838 489 2059 556 Gloria
2103 512 2324 576 curru,

623 577 968 642 Exanimat
1009 578 1218 640 lentus
1262 577 1610 660 spectator,
1657 573 1911 640 sedulus
1954 575 2168 641 infiat:

624 660 730 726 Sic
751 662 908 745 leve,
929 660 1021 725 sic
1049 662 1397 744 pai-mmet,
1427 659 1712 724 animum
1735 658 1906 742 quod
1933 658 2142 723 laudis
2165 680 2429 724 avarum

502 759 597 808 180
626 745 888 810 Subruit
929 748 1040 809 aut
1080 744 1303 809 reficit.
1389 741 1617 808 Valeat
1658 763 1761 807 res
1804 742 2078 807 ludicra:
2124 743 2183 808 si
2225 765 2331 807 me

619 829 844 894 Palma
882 830 1121 913 negata
1172 848 1487 911 macrum,
1544 826 1779 891 donata
1827 826 2075 891 reducit
2117 827 2428 911 opimum.

622 912 825 996 Saepe
854 912 1047 977 etiam
1076 911 1380 976 audacem
1407 911 1592 1008 fugat
1618 910 1742 975 hoc
1783 912 2102 995 terretque
2144 914 2426 995 poetam,

624 995 808 1072 Quod
850 1017 1115 1060 numero
1159 996 1374 1079 plures
1382 1043 1402 1077 ,
1450 997 1684 1059 mtute
1718 997 1783 1058 et
1822 993 2067 1059 honore
2110 994 2425 1078 minores,

621 1080 875 1145 Indocti
918 1079 1257 1163 stolidique
1301 1082 1367 1144 et
1408 1079 1774 1226 depugnare
1816 1077 2054 1161 parati,

500 1177 594 1228 185
626 1164 697 1230 Si
739 1163 1058 1228 discordet
1100 1184 1321 1247 eques,
1366 1183 1469 1227 me
1519 1163 1576 1226 'a
1617 1163 1785 1226 inter
1827 1162 2108 1226 carmina
2148 1166 2427 1247 poscunt

620 1250 757 1313 Aut
783 1269 1002 1313 ursum
1031 1250 1141 1312 aut
1167 1247 1448 1332 pugiles:
1478 1246 1580 1310 his
1608 1268 1759 1311 nam
1805 1246 2139 1344 plebecula
2252 1247 2424 1312 udet.

622 1331 863 1398 Verum
927 1332 1157 1415 equitis
1235 1351 1485 1415 quoque
1560 1330 1689 1395 iam
1750 1330 2053 1478 niigravit
2125 1352 2165 1396 a
2276 1353 2427 1396 aure

1712 1435 1790 1479 vo
1817 1436 1859 1478 u
1905 1418 2005 1479 tas

624 1499 850 1565 Omnis
894 1501 974 1565 ad
1014 1500 1294 1565 incertos
1339 1499 1558 1565 oculos
1603 1501 1670 1564 et
1709 1520 1836 1584 gau
1886 1498 1944 1562 ‘a
1984 1521 2166 1563 vana.

623 1584 937 1660 Quattuor
977 1586 1090 1649 aut
1129 1584 1345 1667 plures
1389 1584 1610 1648 aulaea
1655 1584 2031 1667 premuntur
2083 1583 2156 1646 in
2207 1582 2426 1667 horas,

499 1681 596 1731 190
623 1667 796 1732 Dum
823 1668 893 1732 fu
945 1668 1082 1732 ‘unt
1103 1667 1387 1751 equitum
1408 1670 1653 1732 turmae
1673 1666 2083 1751 peditumque
2101 1668 2425 1753 catervae3

620 1752 775 1816 Mox
968 1752 1092 1816 'tur
1132 1751 1426 1816 manibus
1468 1771 1692 1836 regum
1734 1751 1992 1816 fortuna
2032 1750 2327 1835 retortis,

618 1835 864 1900 Esseda
906 1835 1244 1918 festinant,
1287 1836 1561 1919 pilenta,
1603 1835 1937 1919 petorrita,
1980 1855 2210 1918 naves,

621 1918 959 2003 Captivum
1000 1922 1294 2004 portatur
1337 1919 1521 2003 ebur,
1568 1920 1818 2003 captiva
1861 1917 2229 1984 Corinthus.

620 2002 690 2070 Si
732 2004 901 2070 foret
940 2003 1009 2068 in
1052 2003 1239 2069 terris
1253 2052 1272 2086 ,
1318 2003 1554 2069 rideret
1593 2001 1999 2069 Democritus
2009 2051 2030 2087 ,
2075 2023 2190 2068 seu

495 2101 592 2152 195
620 2088 959 2152 Diversum
1001 2088 1269 2152 confusa
1310 2109 1515 2172 genus
1557 2088 1868 2172 panthera
1910 2087 2152 2152 camelo

618 2171 766 2251 Sive
812 2171 1068 2255 elephas
1112 2171 1294 2237 albus
1337 2172 1516 2269 volgi
1558 2174 1954 2237 converteret
1995 2192 2133 2255 ora3

619 2255 663 2321 S
710 2258 949 2321 ectaret
989 2277 1074 2340 po
1120 2257 1298 2320 ulum
1341 2256 1508 2321 ludls
1552 2256 1855 2321 attenfius
1898 2255 2055 2339 ipsis
2069 2303 2086 2329 ‚

616 2278 709 2404 ἡ
750 2340 873 2404 sibi
913 2361 1067 2423 prae
1114 2342 1327 2405 entem
1368 2339 1568 2404 nimio
1613 2340 1972 2423 spectacula
2010 2338 2226 2423 plura,

617 2422 971 2507 Scriptores
1017 2427 1229 2489 autem
1272 2444 1531 2488 narrare
1573 2426 1828 2507 putaret
1869 2422 2064 2486 asello

489 2520 592 2570 200
618 2507 948 2572 Fabellam
992 2507 1200 2572 surdo,
1287 2507 1459 2573 Nam
1503 2527 1662 2591 quae
1703 2506 2068 2590 pervincere
2113 2527 2305 2571 voces

615 2591 926 2657 Evaluere
968 2612 1226 2675 sonum,
1281 2591 1567 2656 referunt
1620 2611 1809 2673 quem
1849 2592 2070 2654 nostra
2118 2588 2421 2656 theatra?

618 2675 985 2761 Garganum
1012 2675 1260 2760 mugire
1302 2677 1487 2758 putes
1525 2695 1749 2739 nemus
1778 2676 1888 2739 aut
1912 2694 2085 2737 mare
2115 2673 2420 2758 Tuscum,

614 2759 824 2823 Tanto
870 2780 1013 2824 cum
1057 2760 1328 2842 strepitu
1370 2758 1504 2823 ludi
1548 2759 1915 2854 spectantur
1958 2760 2022 2821 et
2063 2761 2235 2822 artes

614 2842 1017 2926 Divitiaeque
1058 2842 1460 2927 peregrinae,
1506 2841 1732 2924 quibus
1777 2841 2012 2906 oblitus
2054 2844 2235 2905 actor

486 2939 586 2990 205
617 2925 780 2992 Cum
824 2928 1003 2991 stetit
1044 2927 1113 2990 in
1158 2947 1412 3009 scaena,
1468 2926 1787 2990 concurrit
1829 2924 2087 2989 dextera
2129 2926 2374 2991 laevae.

610 3010 793 3075 Dixit
821 3011 1027 3076 adhuc
1056 3009 1338 3094 aliquid?
1403 3009 1518 3075 Nil
1547 3030 1720 3074 sane.
1773 3008 1937 3085 Quid
1965 3008 2179 3093 placet
2206 3012 2415 3095 ergo?

610 3094 788 3158 Lana
830 3094 1177 3159 Tarentino
1221 3094 1424 3158 violas
1466 3094 1714 3158 imitata
1753 3113 2016 3157 veneno.

609 3179 709 3243 Ac
751 3199 834 3243 ne
877 3179 1042 3243 forte
1083 3180 1268 3262 putes
1312 3199 1447 3261 me,
1490 3199 1649 3261 quae
1691 3177 1897 3242 facere
1935 3177 2074 3274 ipse
2100 3197 2414 3262 recusem,

384 3335 398 3350 .
613 3260 777 3327 Cum
818 3265 987 3327 recte
1030 3264 1308 3326 tractent
1349 3262 1485 3344 alii,
1532 3262 1787 3326 laudare
1829 3261 2141 3345 mahgne:

485 3359 585 3408 210
613 3345 731 3409 Ille
774 3366 889 3429 per
932 3347 1257 3410 extentum
1297 3345 1516 3410 funem
1559 3345 1718 3409 mihi
1760 3366 1949 3430 posse
1988 3344 2239 3409 videtur

393 3461 399 3467 ·
609 3429 713 3494 Ire
755 3433 969 3514 poeta,
1013 3450 1224 3494 meum
1268 3430 1377 3511 qui
1418 3432 1640 3514 pectus
1683 3429 1958 3493 inaniter
1999 3429 2207 3513 angit,

611 3513 844 3577 Inritat
854 3561 875 3597 ,
918 3514 1184 3592 mulcet,
1227 3512 1408 3577 falsis
1450 3512 1798 3578 terroribus
1841 3512 2073 3597 inplet,
