2588 4046
203 212 318 286 η]
1008 210 1224 267 unns
1262 211 1307 270 ι.
2006 206 2127 272 193

1098 409 1222 486 VI.

201 542 315 609 Nil
357 540 664 606 admirari
702 561 903 624 prope
945 563 1047 606 res
1090 545 1191 606 est
1231 563 1391 625 uns,
1433 541 1723 626 Numici,

202 626 506 709 Solaque,
552 645 711 709 quae
752 625 960 709 possit
1000 625 1208 691 faeere
1253 631 1318 691 et
1360 647 1610 692 servare
1652 627 1927 691 beatum.

199 708 392 776 Hunc
437 710 640 776 solem
681 710 747 773 et
787 709 1004 773 stellas
1047 712 1114 775 et
1157 710 1527 776 decedentia
1568 710 1757 774 certis

200 794 523 877 Tempora
560 792 903 858 momentis
947 797 1098 862 sunt
1140 795 1251 878 qui
1292 793 1633 860 formidine
1673 794 1855 858 nulla

201 878 442 944 Imbuti
487 879 804 973 spectent.
849 877 1005 960 quid
1045 898 1266 942 censes
1310 899 1574 942 munera
1614 876 1867 941 terrae?
2094 890 2128 939 5

200 962 370 1039 Quid
411 960 610 1025 maris
653 964 968 1025 extremos
1006 961 1259 1027 Arabas
1303 961 1569 1026 ditantis
1612 965 1679 1025 et
1718 960 1915 1025 Indos

198 1044 513 1111 Ludicra‘?
558 1046 713 1128 quid
742 1044 1004 1128 plausus
1048 1048 1113 1109 et
1156 1046 1347 1112 amici
1390 1045 1560 1111 dona
1602 1044 1910 1120 Quiritis?

201 1130 345 1206 Quo
388 1127 739 1212 spectanda
779 1127 1003 1211 modo,
1048 1149 1173 1212 quo
1220 1151 1413 1195 sensu
1455 1129 1658 1194 credis
1701 1132 1767 1193 et
1808 1127 1961 1192 ore?

201 1214 328 1290 Qui
368 1214 556 1278 timet
595 1211 698 1276 his
740 1212 1032 1295 adversa,
1075 1213 1212 1279 fere
1251 1214 1520 1279 miratur
1562 1213 1815 1295 eodem,

201 1298 344 1374 Quo
376 1296 667 1394 cupiens,
696 1298 914 1380 pact03
955 1317 1155 1393 pavor
1183 1301 1283 1362 est
1309 1297 1645 1382 utrobique
1671 1296 1999 1380 molestus,
2068 1307 2130 1358 ιο

201 1382 326 1465 Inp
326 1401 542 1446 rov1sa
585 1380 775 1445 simul
815 1380 1059 1464 species
1100 1384 1394 1446 externat
1433 1384 1786 1464 utrumque.

203 1404 501 1531 Gaefudeat
529 1485 614 1528 an
643 1463 884 1547 doleat,
927 1484 1006 1529 cu
1035 1467 1146 1561 ‘iat
1173 1468 1527 1548 metusme,
1559 1464 1712 1549 quid
1740 1464 1822 1528 ad
1848 1485 2003 1547 rem,

201 1549 308 1633 Si,
349 1548 657 1632 quidquid
699 1513 884 1612 vidit
900 1569 1004 1612 me
1053 1570 1127 1613 us
1173 1551 1430 1634 peiusve
1472 1570 1590 1613 sua.
1632 1569 1774 1631 spe,

201 1599 449 1699 Defixis
494 1631 696 1696 oculis
739 1632 1078 1715 animoque
1123 1637 1191 1697 et
1231 1652 1496 1716 corpore
1538 1631 1794 1730 torpet?

207 1716 428 1783 Insani
471 1716 723 1800 sapiens
763 1735 1003 1780 nomen
1046 1717 1238 1799 ferat,
1283 1737 1522 1812 aequus
1565 1715 1799 1812 iniqui,
2069 1729 2132 1777 15

200 1801 396 1866 Vltra
436 1821 628 1884 quam
671 1799 827 1863 satis
870 1802 972 1864 est
1014 1801 1316 1872 virtutem
1359 1800 1414 1864 si
1455 1802 1636 1883 petat
1676 1820 1900 1883 1psam.

203 1886 238 1950 Ι
258 1906 454 1968 nunc,
485 1887 821 1968 argentum
848 1887 915 1947 et
933 1905 1216 1980 marmor
1247 1887 1430 1950 vetus
1450 1904 1721 1966 aeraque
1743 1886 1809 1947 et
1838 1886 2007 1948 artes

205 1969 502 2053 Suspice,
546 1989 691 2034 cum
731 1967 1008 2053 gemmis
1052 1968 1277 2067 Tyrios
1320 1968 1550 2034 mirare
1595 1967 1867 2053 colores3

206 2052 432 2120 Gaude
476 2052 647 2137 quod
691 2055 985 2135 spectant
1031 2053 1201 2117 oculi
1239 2056 1306 2118 te
1349 2053 1527 2118 mille
1569 2053 1964 2136 loquentem3

205 2141 271 2204 N
272 2161 428 2205 avus
481 2159 669 2202 mane
722 2138 936 2201 forum
996 2141 1063 2202 et
1105 2138 1504 2221 vespertinus
1545 2139 1691 2234 pete
1732 2101 2002 2219 tectunl,
2068 2148 2137 2197 20

208 2225 311 2292 Ne
353 2225 500 2308 plus
541 2223 847 2288 frumenti
889 2221 1208 2286 dotalibus
1252 2223 1490 2287 emetat
1530 2220 1702 2305 agris

209 2311 431 2375 Mutus
473 2310 539 2372 et
581 2306 945 2404 (indignum
955 2354 975 2389 ,
1021 2306 1193 2388 quod
1235 2305 1321 2369 sit
1360 2304 1683 2402 peioribus
1728 2306 1930 2389 ortus)

209 2394 336 2458 Hic
380 2392 501 2459 tibi
542 2391 630 2456 sit
669 2391 884 2473 potius
928 2411 1123 2486 quam
1164 2392 1236 2453 tu
1276 2388 1589 2453 mirabilis
1632 2388 1746 2453 illi.

209 2475 534 2554 Quidmd
422 2475 693 2541 mdsub
735 2477 999 2556 terrast,
1042 2473 1115 2537 in
1156 2473 1442 2555 apricum
1482 2472 1766 2556 proferet
1805 2474 2007 2555 aeta-33

210 2498 516 2626 Defodiet
556 2558 831 2641 condetq
758 2561 911 2641 tque
954 2557 1244 2620 nitentia.
1310 2555 1473 2621 Cum
1513 2555 1677 2620 bene
1717 2558 1943 2618 notum
2068 2566 2136 2615 26

211 2646 506 2711 Porticus
548 2642 877 2726 Agrippae
918 2644 985 2706 et
1028 2641 1134 2707 via
1174 2643 1239 2704 te
1284 2638 1686 2735 conspexerit
1725 2638 1932 2721 Appi,

211 2730 314 2794 Ire
356 2731 575 2791 tamen
615 2728 842 2807 restat,
884 2724 1104 2790 Numa
1146 2744 1271 2807 quo
1317 2721 1572 2787 devenit
1612 2724 1677 2786 et
1715 2722 1955 2785 Ancus,

214 2812 284 2878 Si
325 2812 499 2877 latus
543 2812 654 2874 aut
694 2830 879 2873 renes
921 2808 1150 2872 morbo
1191 2807 1590 2891 temptantur
1632 2805 1841 2887 acuto,

214 2897 464 2973 Quaere
609 2916 714 2959 am
741 2892 968 2957 morbi.
1037 2890 1156 2956 Vis
1177 2893 1349 2956 recte
1377 2892 1618 2955 vivere.
1664 2889 1833 2986 quis·
1832 2889 2012 2954 non‘?

214 2980 284 3045 Si
325 2976 530 3044 vii-tus
619 2998 697 3043 oc
737 2998 868 3040 una
992 2977 1125 3039 test
1166 2974 1348 3058 dare,
1389 2974 1575 3038 fortis
1619 2973 1870 3041 omissis
2075 2985 2142 3033 30

214 3064 358 3129 Hoc
403 3085 524 3148 age
569 3061 832 3126 deliciis.
979 3061 1242 3125 irtutem
1284 3059 1480 3123 verba.
1519 3060 1729 3141 putas
1751 3061 1816 3122 et

214 3148 461 3213 Lucum
503 3147 714 3242 ligna:
759 3165 910 3208 cave
952 3164 1035 3207 ne
1075 3145 1303 3227 portus
1347 3145 1615 3225 occupet
1656 3142 1847 3225 alter,

215 3232 317 3298 Ne
361 3230 758 3314 Cibyratica,
800 3249 884 3292 ne
924 3226 1208 3310 Bithyna
1249 3228 1514 3311 negotia
1554 3225 1809 3309 perdas;

216 3316 398 3380 Mille
426 3315 672 3379 talenta
694 3312 1146 3394 rotundentur,
1179 3310 1448 3375 totidem
1478 3310 1675 3373 altera
1684 3357 1704 3392 ,
1734 3329 1924 3392 porro
1957 3311 2021 3372 et

218 3400 438 3465 Tertia
480 3395 852 3478 succedant,
897 3399 963 3459 et
1258 3414 1363 3457 ars
1407 3393 1674 3477 quadret
1715 3413 2026 3456 acervum.
2079 3404 2143 3453 35

220 3483 479 3550 Scilicet
519 3501 784 3546 uxorem
828 3501 972 3545 cum
1059 3483 1163 3544 ote
1254 3478 1522 3561 demque
1565 3480 1630 3541 et
1672 3476 1912 3540 amicos

318 3585 579 3627 Eoum
1781 3581 1839 3630 13
