2588 4046
164 213 476 279 XXVHm
994 212 1208 267 LIBER
1250 212 1294 269 Ι.
2043 207 2126 270 23

991 393 1323 468 XXVIH.

168 528 282 592 Te
331 524 531 590 maris
575 526 641 589 et
682 525 886 589 terrae
929 545 1192 587 numero
1239 545 1319 588 ue
1365 526 1636 589 carentis
1680 546 1907 590 arenae

279 610 669 679 Mensorem,
700 607 1029 691 cohibent,
1074 608 1203 672 Arc
1250 611 1390 692 yta,

173 693 491 760 Pulveris
535 692 749 777 exigui
792 712 990 775 prope
1034 691 1184 755 litus
1274 713 1424 757 arva
1466 692 1784 757 Matinum

276 778 582 860 Munera,
629 796 749 840 nec
794 776 1131 859 quicquam
1174 714 1293 840 tibi
1337 775 1598 859 prodest

176 912 430 977 Aerias
472 912 818 993 temptasse
864 910 1085 974 domos
1131 911 1470 993 animoque
1512 911 1855 975 rotundum
2097 922 2130 972 5

278 994 686 1059 Percurrisse
728 994 948 1077 polum
986 995 1319 1057 morituro.

177 1078 454 1145 Occidit
497 1080 561 1142 et
601 1077 858 1161 Pelopis
902 1077 1186 1162 genitor,
1233 1079 1499 1143 conviva
1544 1078 1834 1163 deorum,

275 1158 724 1244 Tithonusque
767 1164 1048 1226 remotus
1093 1162 1161 1226 in
1206 1183 1392 1226 auras

177 1298 282 1363 Et
328 1296 505 1361 Iovis
551 1296 800 1361 arcanis
843 1296 1055 1360 Minos
1100 1297 1441 1380 admissus,
1488 1296 1848 1380 habentque

286 1380 561 1444 Tartara
603 1379 1005 1444 Panthoiden
1048 1381 1277 1444 iterum
1325 1380 1488 1445 Orco
1707 1446 1712 1449 ,
2070 1392 2134 1441 10

182 1464 568 1530 Demissum
582 1513 601 1547 ‚
649 1464 935 1547 quamvis
981 1464 1183 1560 clipeo
1228 1464 1504 1529 Troiana
1545 1465 1740 1529 refixo

277 1549 604 1632 Tempora
646 1550 915 1612 testatus
959 1546 1123 1611 nihil
1166 1549 1336 1612 ultra

180 1683 452 1749 Nervos
499 1685 687 1766 atque
732 1684 941 1747 cutem
983 1682 1176 1746 morti
1221 1686 1621 1748 concesserat
1671 1684 1874 1767 atrae,

278 1765 503 1831 Iudice
545 1769 610 1830 te
653 1787 787 1830 non
832 1766 1120 1830 sordidus
1165 1769 1388 1831 auctor

182 1851 489 1917 Naturae
532 1851 807 1933 verique.
883 1849 1008 1915 Sed
1052 1871 1273 1915 omnes
1318 1872 1446 1915 una
1487 1854 1705 1916 manet
1745 1871 1900 1934 nox,
2069 1861 2131 1912 15

276 1934 375 1999 Et
417 1935 719 1999 calcanda
762 1934 958 1998 semel
1000 1935 1105 1998 via
1146 1934 1274 1999 leti.

184 2071 381 2136 Dant
422 2070 582 2134 alios
624 2069 855 2134 Furiae
899 2072 1081 2134 torvo
1127 2070 1488 2154 spectacula
1529 2070 1752 2155 Marti,

277 2153 566 2218 Exitiost
608 2154 862 2218 avidum
905 2174 1078 2218 mare
1121 2154 1362 2239 nautis3
2095 2231 2104 2240 ,

186 2237 410 2302 Mixta
431 2258 653 2301 senum
678 2259 752 2302 ac
781 2238 1081 2302 iuvenum
1112 2238 1458 2302 densentur
1486 2238 1728 2323 funcra,
1758 2239 2003 2302 nullum

280 2321 491 2386 Saeva
534 2325 722 2405 caput
762 2321 1145 2405 Proserpina
1187 2322 1386 2407 fugit:
2061 2334 2131 2383 20

190 2456 303 2521 Me
353 2476 604 2552 quoque
649 2456 871 2520 devexi
910 2455 1167 2520 rabidus
1213 2477 1425 2520 comes
1472 2457 1725 2521 Orionis

276 2540 560 2621 Illyrrcls
602 2539 813 2604 Notus
858 2539 1070 2603 obruit
1110 2539 1319 2605 undis.

188 2624 289 2687 At
336 2626 443 2705 tu,
488 2626 711 2707 nauta,
755 2644 954 2707 vagae
996 2645 1077 2687 ne
1120 2645 1307 2706 parce
1349 2625 1669 2710 malignus
1714 2645 1939 2689 arenae

277 2706 554 2772 Ossibus
600 2710 663 2771 et
708 2707 901 2791 capiti
945 2706 1272 2771 inhumato

186 2841 591 2907 particulam
622 2842 801 2905 dare:
832 2843 942 2925 sic,
970 2843 1409 2925 quodcumque
1434 2842 1777 2906 minabitur
1798 2843 2005 2907 Eurus
2065 2855 2132 2904 25

271 2925 614 2991 Fluctibus
658 2925 1017 3009 HesperiiS,
1063 2925 1429 2990 Venusinae

190 3011 576 3075 plectantur
620 3010 813 3073 silvae
857 3012 921 3073 te
966 3030 1069 3073 sos
1117 3009 1233 3093 ite,
1278 3010 1601 3094 multaque
1644 3032 1915 3094 merceS,

274 3093 474 3160 Vnde
519 3096 769 3176 potest,
814 3093 933 3157 tibi
978 3093 1053 3157 de
1103 3096 1213 3158 uat
1255 3114 1455 3176 aequo

190 3231 293 3294 Ab
340 3227 505 3292 Iove
545 3226 978 3324 Neptunoque
1023 3228 1185 3293 sacri
1230 3229 1492 3293 custode
1537 3228 1815 3294 Tarenti.

268 3313 340 3379 N
344 3312 599 3397 eglegis
644 3312 958 3376 mmeritis
999 3312 1356 3377 nocituram
2066 3326 2132 3376 30

188 3395 547 3463 Postmodo
592 3397 654 3459 te
684 3395 854 3459 natis
898 3395 1183 3460 fraudem
1215 3396 1636 3462 conmittere?
1704 3397 1861 3462 Fors
1894 3400 1955 3462 et

270 3481 521 3546 Debita
565 3480 708 3543 iura
749 3480 1042 3563 vicesque
1088 3480 1394 3566 superbae
