2588 4046
206 274 350 347 m]
1022 272 1237 328 mnu
1277 273 1349 330 11.
2020 267 2140 333 179

1095 470 1253 547 VH.

208 603 589 669 ‘Iandudum
630 601 950 686 ausculto,
996 605 1063 666 et
1091 603 1352 686 cupiens
1393 602 1514 667 tibi
1558 602 1766 669 dicere
1796 624 2012 668 servus

206 689 417 754 Pauca
494 686 884 752 reformido?
991 684 1314 751 ‘Davusne
1324 685 1385 751 ’θ’
1483 686 1635 785 ‘Ita,
1711 686 1957 771 Davus,

1425 792 1699 836 ammum

208 855 602 939 Mancipium
632 855 891 919 domino
922 857 988 919 et
1014 853 1186 951 frugi
1224 855 1396 938 quod
1425 854 1510 919 sit
1539 855 1692 919 satis
1705 904 1723 938 ‚
1756 855 1879 920 hoc
1914 857 2030 939 est,

207 940 298 1006 Vt
338 939 534 1005 vitale
576 941 807 1023 putes?
897 938 1066 1023 ‘Age
1109 937 1404 1003 libertate
1446 937 1815 1022 Decembri,

220 1023 492 1101 Quando
535 1024 627 1087 ita
667 1023 937 1086 maiores
980 1021 1344 1106 voluerunt,
1390 1024 1596 1107 utere;
1639 1030 1870 1087 narra!
2104 1034 2138 1085 5

208 1108 393 1179 ’Pars
437 1107 770 1171 hominum
813 1104 984 1170 vitiis
1026 1105 1264 1191 gaudet
1297 1109 1664 1171 constanter
1693 1109 1757 1170 et
1783 1110 2016 1192 urguet

205 1191 647 1276 Propositum3
670 1211 820 1274 pars
839 1190 1042 1254 multa
1055 1192 1209 1254 nata
1271 1190 1464 1255 modo
1483 1193 1659 1255 recta
1678 1211 2031 1275 capessens,

206 1275 541 1342 Interdum
582 1274 795 1359 pravis
839 1272 1132 1338 obn'oxia.
1267 1294 1424 1358 aepe
1466 1277 1725 1339 notatus

207 1360 375 1427 Cum
418 1357 623 1423 tribus
666 1358 891 1422 anellis
965 1356 1158 1422 modo
1203 1357 1382 1423 laeva
1422 1358 1677 1424 Priscus
1721 1358 1928 1442 inani,

204 1444 393 1510 Vixit
434 1441 815 1525 inaequalis,
860 1406 1108 1506 ciavum
1148 1444 1222 1506 ut
1263 1445 1540 1507 mutaret
1578 1443 1648 1507 in
1690 1442 1880 1507 horas
1890 1492 1910 1527 ,
2078 1456 2142 1506 ιο

204 1527 496 1593 Aedibus
541 1547 619 1591 ex
659 1526 913 1610 magnis
957 1525 1167 1590 subito
1211 1546 1280 1589 se
1325 1526 1652 1609 conderet,
1696 1526 1866 1591 unde

205 1609 516 1677 Mundior
557 1610 756 1674 exiret
797 1609 903 1673 vix
945 1609 1279 1674 libertinus
1323 1609 1622 1696 honeste3

205 1696 350 1762 Iam
396 1693 697 1760 moechus
739 1692 1010 1777 Romae,
1055 1693 1183 1758 iam
1225 1694 1447 1759 mallet
1488 1694 1711 1759 doctus
1740 1693 2014 1759 Athenis

206 1780 477 1862 Vivere,
521 1777 920 1861 Vertumnis,
966 1779 1281 1860 quotquot
1321 1781 1496 1876 sunt,
1540 1779 1729 1842 natus
1758 1777 2013 1862 iniquis.

209 1864 447 1931 Scurra
488 1861 868 1926 Volanerius
879 1909 900 1945 ,
943 1863 1284 1945 postquam
1326 1861 1423 1926 illi
1466 1865 1634 1927 iusta
1677 1860 1983 1947 cheragra
2080 1875 2141 1925 ιε

210 1946 525 2016 Contudit
567 1945 899 2030 articulos,
944 1945 1054 2030 qui
1094 1966 1213 2030 pro
1258 1966 1327 2010 se
1370 1946 1625 2011 tolleret
1666 1948 1853 2031 atque

214 2033 504 2098 Mitteret
542 2031 612 2096 in
653 2030 942 2115 phimum
985 2030 1182 2115 talos,
1226 2031 1518 2096 mercede
1561 2032 1786 2097 diurna

213 2116 618 2185 Conductum
661 2113 867 2198 pavit:
920 2118 1160 2198 quanto
1202 2116 1599 2180 constantior
1639 2115 1841 2181 isdem

213 2202 293 2266 In
336 2200 541 2284 vitiis,
586 2201 769 2263 tanto
813 2198 1013 2263 levius
1055 2198 1250 2263 miser
1292 2220 1366 2265 ac
1408 2200 1585 2284 prior
1626 2199 1770 2282 ille,

216 2285 342 2362 Qui
383 2286 514 2349 iam
555 2284 888 2367 contento,
933 2282 1062 2347 iam
1106 2283 1249 2347 laxo
1292 2283 1447 2349 fune
1489 2283 1781 2350 laborat.’
2079 2298 2146 2347 20

215 2367 607 2451 ‘Non‚dices,
628 2365 820 2431 hodie
851 2376 1151 2450 quorsum
1177 2366 1338 2432 haec
1365 2371 1499 2432 tam
1525 2368 1749 2453 putida
1772 2368 2051 2451 tendant,

218 2450 574 2519 Furcifer?’
607 2451 737 2515 ‘Ad
757 2453 851 2535 te,
884 2451 1192 2534 inquam?
1239 2450 1403 2528 ‘Quo
1424 2456 1634 2600 1112th
1626 2501 1644 2535 ,
1673 2451 2018 2536 pessime‘P’

673 2573 688 2589 ·
1433 2540 1453 2570 ‘
1511 2556 1593 2600 au
1637 2557 1706 2599 as

219 2622 569 2687 Fortunam
612 2629 677 2685 et
717 2640 928 2684 mores
973 2620 1268 2704 antiquae
1313 2620 1550 2704 plebis,
1597 2621 1662 2684 et
1702 2619 1901 2703 idem,

218 2705 432 2790 Siquis
455 2703 535 2769 ad
576 2703 690 2768 illa
731 2703 886 2768 deus
915 2704 1126 2769 subito
1170 2706 1235 2769 te
1274 2707 1457 2789 agat,
1500 2724 1699 2787 usque
1740 2723 2020 2787 recuses,

220 2791 354 2854 Aut
396 2789 544 2872 quia
584 2809 720 2853 non
763 2788 991 2872 sentis,
1036 2788 1206 2872 quod
1249 2788 1518 2872 clamas,
1561 2788 1797 2853 rectius
1843 2808 2011 2872 esse,
2082 2801 2148 2851 25

220 2875 353 2938 Aut
398 2873 548 2969 quia
588 2893 723 2936 non
764 2872 984 2936 firmus
1025 2875 1270 2936 rectum
1315 2871 1633 2955 defendis,
1678 2875 1742 2936 et
1783 2870 2007 2937 haeres

218 2957 279 3023 N
284 2977 624 3041 eqmquam
668 2976 863 3021 caeno
908 2957 1170 3040 cupiens
1214 2956 1483 3020 evellere
1524 2956 1829 3040 plantam.

223 3040 461 3105 Romae
503 3061 612 3105 rus
657 3043 868 3125 optas3
914 3040 1241 3105 absentem
1281 3040 1555 3106 rusticus
1596 3041 1820 3106 urbem

222 3124 421 3190 Tollis
452 3124 533 3189 ad
564 3126 736 3188 astra
777 3124 952 3189 levis.
1013 3124 1082 3190 Si
1109 3145 1231 3189 nus
1277 3145 1424 3189 uam
1455 3145 1522 3189 es
1565 3124 1732 3189 forte
1760 3127 2021 3189 vocatus

221 3208 325 3273 Ad
354 3229 609 3292 cenam,
653 3207 873 3272 laudas
903 3229 1193 3274 securum
1224 3229 1262 3274 o
1289 3229 1364 3273 us
1409 3229 1514 3291 ac,
1561 3209 1732 3273 velut
1759 3230 2025 3293 usquam
2082 3220 2150 3272 30

223 3289 490 3358 Vinctus
536 3313 674 3376 eas,
716 3292 809 3356 ita
847 3294 913 3356 te
954 3292 1206 3357 felicem
1250 3292 1408 3357 dicis
1453 3313 1780 3391 amasque,

224 3375 407 3453 Quod
449 3396 765 3460 nusquam
806 3374 924 3440 tibi
969 3376 1053 3440 sit
1093 3376 1465 3460 potandum.
1536 3376 1803 3442 Iussent
1831 3377 1913 3441 ad
1955 3397 2023 3441 se

226 3459 562 3526 Maecenas
607 3480 818 3526 serum
861 3459 978 3525 sub
1021 3459 1264 3525 lumina
1306 3461 1516 3545 prima
1557 3460 1776 3526 venire

227 3544 599 3612 Convivam:
647 3552 908 3609 ‘nemon
950 3544 1162 3609 oleum
1203 3543 1330 3609 fert
1373 3544 1593 3610 ocius?
1640 3544 1854 3629 ecquis

1743 3646 1842 3698 12·
