2588 4046
234 258 396 333 vm]
1014 261 1229 316 LIBER
1269 261 1314 317 1.
2032 256 2146 320 147

1080 458 1273 535 VIII.

224 590 393 656 Olim
436 592 702 656 truncus
748 610 921 655 eram
962 591 1265 674 ficulnus,
1309 592 1535 657 inutile
1579 593 1853 678 lignum,

221 674 384 740 Cum
413 674 622 758 faber,
667 674 946 739 incertus
977 695 1307 740 scamnum
1342 676 1661 741 faceretne
1687 677 2020 763 Priapum,

218 759 450 823 Maluit
471 780 608 823 esse
639 758 843 823 deum.
897 757 1071 824 Deus
1101 759 1252 824 inde
1271 781 1305 824 e
1353 781 1412 844 0,
1443 762 1655 825 furum
1685 762 2019 845 aviumque

216 843 500 907 Maxima
541 842 850 907 formido:
896 864 1047 907 nam
1089 844 1259 908 fures
1349 846 1526 909 extra
1568 844 1862 910 cohercet

216 927 676 1010 obscaenoque
720 927 909 991 ruber
948 931 1277 1011 porrectus
1322 928 1401 992 ab
1444 929 1708 1013 inguine
1750 930 1963 1014 palus,
2110 940 2143 991 5

215 1012 342 1075 Ast
385 1011 762 1095 inportunas
806 1011 1094 1076 volucres
1137 1012 1207 1076 in
1249 1012 1483 1077 vertice
1527 1013 1770 1078 arundo

214 1095 442 1160 Terret
482 1095 609 1159 fixa
650 1097 946 1179 vetatque
987 1096 1170 1161 novis
1216 1096 1544 1161 considere
1587 1097 1657 1161 in
1697 1096 1923 1162 hortis.

212 1179 361 1244 Huc
410 1179 589 1263 prius
631 1180 923 1264 angustis
967 1180 1170 1245 eiecta
1213 1180 1521 1245 cadavera
1564 1181 1739 1246 cellis

214 1262 579 1329 Conservus
622 1264 734 1328 vili
776 1263 1092 1348 portanda
1134 1263 1391 1329 locabat
1430 1266 1501 1329 in
1544 1286 1724 1348 arca3

211 1347 359 1412 Hoc
400 1348 670 1412 miserae
711 1347 885 1432 plebi
927 1348 1139 1412 stabat
1180 1370 1516 1414 commune
1557 1350 1947 1434 sepulcrum3
2080 1362 2143 1413 ιο

210 1431 574 1497 Pantolabo
620 1452 872 1496 scurrae
914 1431 1450 1516 Nomentanoque
1493 1435 1734 1518 nepoti.

210 1516 397 1580 Mille
438 1515 632 1600 pedes
673 1515 744 1579 in
786 1516 1027 1599 fronte,
1070 1519 1391 1582 trecentos
1435 1518 1659 1602 cippus
1692 1519 1762 1583 in
1791 1539 2014 1603 agrum

210 1600 339 1665 Hic
386 1600 607 1683 dabat,
651 1599 914 1664 heredes
957 1604 1441 1665 monumentum
1484 1622 1567 1665 ne
1611 1605 1994 1686 sequeretur.

209 1684 405 1750 Nunc
449 1684 599 1748 licet
640 1682 948 1781 Esquiliis
992 1685 1281 1749 habitare
1327 1686 1684 1751 salubribus
1731 1689 1919 1770 atque

209 1771 273 1833 A
320 1789 474 1853 gere
517 1768 587 1832 in
630 1789 845 1852 aprico
891 1769 1179 1853 spatiari,
1224 1790 1351 1853 qua
1394 1769 1585 1834 modo
1629 1770 1844 1834 tristes
2082 1784 2140 1832 15

344 1853 401 1916 is
445 1852 786 1916 informem
830 1853 1206 1937 spectabant
1247 1854 1499 1918 ossibus
1544 1875 1798 1939 agrum3

211 1936 379 2003 Cum
422 1935 581 2000 mihi
624 1957 758 2001 non
799 1938 1050 2001 tantum
1094 1937 1390 2021 furesque
1431 1937 1604 2002 ferae
1648 1959 1728 2002 ue
1772 1942 1988 2002 suetae

210 2020 405 2086 Hunc
448 2042 675 2086 vexare
718 2021 931 2086 locum
974 2043 1161 2088 curae
1205 2026 1356 2087 sunt
1398 2025 1586 2107 atque
1655 2022 1835 2087 abori
1845 2073 1865 2107 ‚

212 2106 543 2181 Quantum
589 2106 974 2172 carminibus
1019 2128 1180 2191 quae
1223 2110 1483 2171 versant
1523 2108 1712 2191 atque
1754 2107 2014 2171 venenis

210 2190 551 2255 Humanos
596 2190 865 2255 animos.
952 2189 1088 2255 Has
1130 2191 1310 2255 nullo
1354 2191 1616 2275 perdere
1657 2211 1918 2275 possum
2075 2205 2143 2254 20

210 2273 275 2339 N
279 2295 350 2339 ec
379 2272 720 2358 prohibere
748 2274 972 2358 modo,
1019 2275 1208 2340 simul
1236 2296 1311 2340 ac
1342 2296 1382 2339 v
1469 2296 1508 2338 a
1536 2276 1690 2339 luna
1718 2275 2017 2339 decorum

211 2357 492 2423 Protulit
527 2378 629 2441 os,
674 2359 830 2441 quin
858 2378 1004 2423 ossa
1045 2359 1269 2444 legant
1309 2358 1423 2423 her
1468 2379 1663 2442 asque
1690 2362 2014 2424 nocentes.

210 2441 366 2506 Vidi
411 2444 669 2527 egomet
706 2443 900 2527 nigra*
939 2443 1326 2507 succinctam
1367 2443 1596 2507 vadere
1637 2443 1813 2526 palla

212 2525 555 2592 Canidiam
595 2526 865 2609 pedibus
907 2526 1095 2591 nudis
1138 2521 1452 2611 passoque
1498 2526 1726 2609 capillo
1739 2575 1760 2609 ‚

213 2609 380 2676 Cum
424 2608 469 2674 S
558 2631 682 2674 ana
723 2611 965 2675 maiore
1005 2611 1394 2676 ululantem:
1485 2611 1648 2674 allor
1689 2613 1991 2694 utrasque
2076 2623 2143 2674 25

211 2694 482 2760 Fecerat
567 2694 870 2759 orrendas
911 2694 1233 2791 adspectu.
1325 2693 1406 2760 Sc
1517 2715 1620 2758 ere
1662 2697 1899 2758 terram

213 2777 556 2864 Vnguibus
601 2780 665 2842 et
706 2778 951 2863 pullam
995 2779 1290 2843 dlvellere
1334 2798 1474 2842 mor
1524 2779 1651 2842 ‘cus
1696 2799 1933 2862 agnam

214 2862 612 2947 Coeperunt3
659 2882 846 2949 cruor
886 2862 956 2927 in
998 2863 1239 2927 fossam
1283 2863 1619 2945 confusus,
1662 2865 1736 2926 ut
1777 2862 1926 2926 inde

212 2947 440 3012 Manes
486 2947 809 3028 elicerent,
831 2946 1076 3011 animas
1119 2968 1428 3031 responsa
1472 2945 1749 3011 daturas.

211 3031 427 3096 Lanea
469 3033 535 3095 et
577 3030 826 3115 effigies
870 3034 1035 3113 erat,
1081 3032 1278 3094 altera
1324 3051 1534 3095 cerea:
1578 3031 1784 3095 maior
2078 3045 2144 3095 3ο

212 3114 458 3199 Lanea,
504 3134 664 3198 quae
706 3115 933 3211 poenis
977 3118 1387 3198 conpesceret
1427 3115 1818 3199 inferiorem3

215 3197 414 3264 Cerea
457 3198 831 3282 suppliciter
874 3198 1101 3280 stabat,
1125 3198 1457 3264 servilibus
1500 3202 1572 3263 ut
1615 3219 1777 3283 quae

213 3282 347 3347 Iam
376 3283 664 3367 peritura
683 3282 910 3347 modis.
969 3281 1259 3347 Hecaten
1287 3285 1474 3348 vocat
1501 3283 1730 3366 altera,
1764 3303 2015 3348 saevam

214 3368 437 3432 Altera
481 3365 911 3450 Tisiphonen:
957 3387 1024 3430 se
1104 3369 1282 3431 entes
1329 3369 1519 3450 atque
1562 3366 1808 3431 videres

214 3449 505 3516 Infernas
552 3471 761 3515 errare
805 3471 994 3515 canes
1007 3500 1026 3534 ,
1096 3472 1414 3534 unamque
1456 3450 1821 3535 rubentem,
2075 3463 2141 3514 35

214 3533 307 3602 Ne
350 3537 526 3602 foret
565 3534 669 3600 his
711 3535 924 3620 testis,
965 3538 1117 3619 post
1157 3556 1394 3620 magna
1435 3534 1632 3611 latere
1674 3535 1981 3618 sepulcra.

1724 3638 1830 3690 10*
