2588 4046
426 263 554 329 200
1125 266 1639 324 mmmmm
2257 264 2357 339 [x.

553 431 622 498 Si
664 431 825 515 pede
866 430 1071 495 maior
1115 431 1264 528 erit,
1311 429 1660 511 subvertet,
1706 428 1761 493 si
1802 428 2042 513 minor,
2086 430 2245 494 uret.

551 516 783 582 Laetus
828 518 999 579 sorte
1038 517 1151 579 tua
1192 534 1364 579 vives
1408 513 1755 596 sapienter,
1798 513 2029 595 Aristi,
2062 527 2071 560 ὲ
2166 551 2167 556 1

425 611 491 662 45
549 599 615 665 N
617 619 689 664 ec
715 620 818 663 me
862 598 1143 662 dimittes
1186 598 1663 682 incastigatum,
1708 596 1820 661 ubi
1859 597 2046 681 plura
2200 645 2205 648 -

553 683 826 768 Cogere,
875 703 1063 766 quam
1106 682 1261 747 satis
1306 684 1431 763 est,
1488 701 1561 745 ac
1602 699 1736 744 non
1779 699 2024 745 cessare
2058 679 2354 744 videbor.

550 766 830 851 Imperat
872 769 983 830 aut
1024 765 1221 831 servit
1263 766 1533 830 collecta
1570 764 1841 849 pecunia
1883 763 2136 847 cuique,

551 850 816 915 Tortum
860 849 925 913 di
1019 870 1058 913 a
1087 849 1265 933 sequi
1308 848 1522 933 potius
1562 868 1753 932 quam
1796 847 2027 912 ducere
2064 848 2307 912 funem.

550 934 727 999 Haec
769 934 888 998 tibi
981 934 1250 998 'ctabam
1292 935 1443 1030 post
1478 933 1705 996 ‘fanum
1747 934 1934 1015 putu-e
1973 930 2297 1014 Vacunae,

425 1031 494 1082 50
551 1017 838 1102 Excepto
883 1017 1051 1101 quod
1092 1038 1227 1082 non
1269 1016 1460 1080 s1mul
1502 1036 1703 1099 esses,
1749 1019 1962 1080 cetera
2000 1015 2225 1080 laetus.

1316 1305 1422 1379 XI

553 1437 719 1514 Quid
761 1436 881 1502 tibi
923 1437 1061 1500 visa
1103 1436 1328 1520 Chios,
1373 1435 1643 1518 Bullati,
1685 1436 1965 1520 notaque
2006 1430 2281 1517 Lesbos,

552 1521 719 1598 Quid
763 1520 1076 1585 concinna
1118 1519 1372 1603 Samos,
1423 1520 1573 1604 quid
1619 1520 1837 1586 Croesi
1877 1520 2067 1605 regia
2097 1518 2319 1584 Sardis

551 1605 828 1688 Zmyrna
849 1604 999 1688 quid
1025 1607 1089 1668 et
1101 1602 1488 1688 Colophon?
1511 1604 1758 1670 maiora
1776 1602 2110 1668 minorane
2134 1567 2353 1667 famas}

556 1687 883 1755 Cunctane
911 1699 1065 1785 prae
1083 1686 1326 1772 Campo
1357 1691 1422 1752 et
1444 1687 1744 1754 Tiberino
1778 1687 2040 1754 flumine
2067 1687 2355 1770 sordent,

451 1786 486 1835 ὅ
552 1772 661 1836 An
701 1773 877 1837 venit
919 1793 989 1835 m
1030 1774 1250 1836 votum
1291 1772 1593 1836 Attalicis
1637 1792 1715 1836 ex
1757 1771 2020 1835 urbibus
2061 1792 2223 1854 una,

551 1855 660 1919 An
701 1855 1022 1920 Lebedum
1068 1855 1290 1920 laudas
1334 1856 1481 1919 odio
1524 1856 1719 1919 maris
1762 1858 1953 1939 atque
1995 1849 2288 1919 viarum?

553 1938 715 2005 ‘Scis
727 1989 745 2023 ,
791 1938 1079 2004 Lebedus
1123 1939 1274 2023 quid
1319 1940 1430 2004 sit:
1496 1938 1717 2005 Gabiis
1761 1938 2070 2020 desertior
2111 1941 2304 2023 atque

551 2022 809 2089 Fidenis
850 2025 1061 2108 vicus3
1103 2027 1322 2089 tamen
1363 2025 1495 2101 illic
1537 2026 1747 2091 vivere
1788 2025 2055 2107 vellem,
2116 2042 2123 2045 ’

552 2107 927 2190 Oblitusquc
968 2128 1255 2183 meorum
1294 2107 1787 2189 obliviscendus,
1808 2109 2055 2191 etjipllis

427 2203 494 2253 ιο
555 2191 657 2256 Ne
701 2195 929 2255 tunum
970 2193 1194 2276 procul
1234 2213 1269 2256 e
1309 2195 1481 2269 terra
1517 2195 1811 2275 spectare·
1846 2191 2213 2257 furentem)

551 2274 633 2341 Se
703 2295 928 2358 neque,
965 2276 1073 2359 qui
1094 2275 1316 2359 Capua
1337 2276 1606 2340 Romam
1644 2277 1825 2372 petit,
1855 2276 2057 2341 imbre
2085 2273 2354 2360 lutoque

549 2358 910 2442 Adspcrsus
952 2359 1127 2423 volet
1167 2361 1237 2423 i'n
1280 2372 1577 2443 caupona
1609 2373 1819 2424 vivere
1833 2376 1863 2443 3⁷
1895 2378 2014 2425 nec
2058 2361 2168 2443 qui

549 2441 780 2527 Frigus
825 2442 1114 2528 collegit,
1158 2443 1382 2508 furnos
1426 2446 1492 2507 et
1530 2443 1763 2523 balnea
1803 2443 2023 2508 laudat

549 2525 641 2591 Vt
682 2527 1071 2591 fortunatam
1157 2528 1301 2603 lene
1342 2527 1737 2610 praestantia
1756 2528 2003 2611 'vitam3

423 2621 489 2673 1⁶
552 2609 722 2693 Nec,
769 2611 823 2674 si
864 2613 928 2674 te
971 2611 1099 2674 vali
1142 2632 1217 2675 us
1260 2611 1593 2676 iactaverit
1614 2613 1868 2675 'Auster
1907 2613 1979 2675 in
2022 2612 2186 2695 alto,
2326 2691 2335 2695 ,

550 2693 795 2759 Idcirco
838 2695 1057 2757 navim
1085 2704 1096 2771 J
1107 2697 1286 2758 trans
1311 2696 1429 2759 'Ae
1476 2710 1661 2760 a'eum
1701 2710 1876 2760 mare
1916 2696 2175 2760 vendas
2234 2714 2239 2717 “

547 2777 864 2851 Incolumi
891 2778 1153 2853 Rhodos
1195 2781 1261 2843 et
1285 2778 1452 2862 Mytl
1479 2800 1597 2847 ene
1637 2779 1923 2862 pulchra·
1942 2779 2131 2863 facit,
2174 2776 2354 2862 qnod

437 2941 446 2947 ὓ
546 2861 829 2926 Paenula
872 2862 1177 2946 solstitio,
1223 2873 1363 2927 cam
1410 2865 1576 2927 estre
1616 2863 1953 2945 nivalibusj
1979 2864 2181 2946 auris,

545 2945 671 3010 Per
711 2946 1000 3010 brumam
1043 2946 1322 3029 Tiberis,
1363 2885 1593 3027 §extuli
1634 2960 1853 3011 mense
1897 2948 2206 3029 caminus.

419 3041 488 3091 20
549 3028 722 3093 Dum
747 3029 916 3092 'licet
939 3050 1032 3103 ac
1074 3031 1325 3094 voltum'
1351 3034 1562 3111 servat
1586 3030 1872 3113 Fortuna
1911 3030 2297 3117 benignum,

546 3112 791 3177 Romae
818 3111 1110 3187 laudetur
1131 3112 1357 3179 Samos
1394 3117 1460 3178 et
1481 3113 1677 3180 Chios
1708 3118 1774 3179 e't
1796 3114 2063 3195 Rhodos
2091 3115 2351 3197 absens.

547 3196 645 3261 Tu
689 3204 1146 3280 quamcumque
1186 3198 1344 3276 deus
1384 3198 1509 3277 tibi,
1546 3199 1969 3279 fortunaverit
2009 3194 2240 3269 horam

547 3280 745 3346 Grata
786 3299 964 3344 sume
1005 3293 1200 3359 manu
1241 3303 1370 3347 neu
1413 3281 1622 3346 dulcia
1664 3282 1846 3365 differ
1886 3284 1956 3351 in
1997 3299 2277 3369 annum,
2306 3282 2311 3285 ’

547 3363 638 3429 Vt
723 3384 1078 3448 uocumque
1119 3365 1263 3430 loco
1306 3366 1502 3430 fueris
1536 3366 1778 3431 'vixisse
1810 3366 2093 3431 'libenter

416 3459 481 3510 25
547 3447 637 3513 Te
681 3386 885 3512 dicas:
930 3469 1080 3512 nam
1123 3449 1180 3513 si
1222 3451 1389 3514 ratio
1434 3452 1498 3515 et
1540 3450 1889 3533 prudentia
1920 3468 2132 3535 curas,
2246 3470 2251 3471 ⁷
2324 3468 2337 3475 ’

541 3531 692 3597 Non
736 3532 913 3595 locus
957 3532 1139 3597 effusi
1183 3533 1311 3598 late
1351 3534 1561 3598 maris
1589 3534 1825 3599 arbiter
1866 3534 2099 3618 aufert,
2158 3580 2163 3585 -
