2588 4046
128 238 249 312 m]
923 239 1136 295 LIBER
1178 239 1250 296 11.
1928 231 2051 298 237

129 399 467 484 Respicere
512 401 833 486 exemplar
874 401 1044 466 vitae
1087 420 1462 484 morumque
1505 400 1736 465 iubebo

129 483 406 550 Doctum
446 485 837 551 imitatorem
913 487 977 550 et
1017 485 1195 550 vivas
1238 484 1391 549 hinc
1435 485 1661 550 ducere
1703 505 1910 549 voces.

127 569 456 633 Interdum
499 591 529 633 s
578 570 786 634 eciosa
828 569 987 634 locis
1029 572 1399 653 morataque
1440 571 1611 634 recte

126 652 370 718 Fabula
410 675 457 717 n
556 653 648 717 ‘us
691 653 971 736 veneris,
1017 653 1154 717 sine
1244 653 1479 718 ondere
1522 655 1588 719 et
1629 654 1793 736 arte,
1953 664 2055 715 320

127 736 390 802 Valdius
435 737 713 802 oblectat
753 737 1061 823 populum
1104 758 1207 802 me
1239 737 1455 821 'usque
1497 739 1807 821 moratur,

130 820 334 896 Quam
376 842 596 886 versus
640 822 864 905 inopes
906 842 1120 885 rerum
1161 842 1496 906 nugaeque
1541 841 1828 885 canorae.

131 905 315 970 Grais
357 904 718 990 ingenium,
774 905 959 970 Grais
1003 905 1178 970 dedit
1220 926 1330 970 ore
1373 903 1647 969 rotundo

129 988 313 1053 Musa
353 989 558 1073 loqui,
601 991 853 1086 praeter
893 990 1146 1054 laudem
1186 989 1425 1054 nuHius
1469 989 1694 1054 avaris.

129 1071 400 1137 Romani
439 1094 622 1170 pueri
664 1073 878 1159 longis
919 1073 1274 1138 rationibus
1320 1094 1527 1137 assem
1952 1084 2053 1135 ³25

129 1155 403 1221 Discunt
443 1179 515 1221 1n
555 1158 769 1240 partes
814 1159 1070 1222 centum
1112 1157 1429 1222 diducere.
1517 1155 1730 1222 ‘Dicat

132 1240 330 1305 Filius
373 1240 629 1306 Albini:
685 1241 741 1306 si
784 1240 862 1306 de
905 1242 1259 1325 quincunce
1302 1242 1609 1306 remotast

128 1324 351 1408 Vncia‚
376 1324 528 1408 quid
551 1325 849 1409 superat?
873 1325 1137 1390 Poteras
1160 1325 1437 1390 dixisse’.
1465 1324 1758 1390 ‘Tr-iens?
1784 1324 1937 1391 ‘Eut

128 1407 288 1473 Rem
314 1409 556 1492 poteris
586 1430 836 1474 servare
873 1411 1070 1475 tuam.
1128 1409 1322 1474 Redit
1348 1409 1556 1493 uncia,
1603 1408 1755 1493 quid
1784 1409 1925 1473 fit?’

131 1492 402 1557 ‘Semis’
476 1495 568 1557 At
607 1493 765 1558 haec
807 1494 1055 1558 animos
1099 1514 1332 1578 aerugo
1380 1496 1445 1558 et
1488 1514 1639 1558 cura
1679 1493 1888 1576 peculi
1952 1505 2053 1556 830

129 1577 292 1641 Cum
334 1577 531 1641 semel
572 1576 901 1661 imbuerit,
947 1597 1274 1661 speramus
1320 1576 1601 1641 carmina
1642 1576 1804 1661 fingi

129 1659 323 1726 Posse
368 1660 626 1725 linenda
668 1660 855 1726 cedro
901 1664 965 1725 et
1005 1662 1132 1726 levi
1175 1661 1484 1725 servanda
1528 1659 1872 1744 cupresso?

211 1747 347 1809 Aut
387 1744 688 1827 prodesse
719 1745 972 1829 volunt,
1016 1747 1128 1810 aut
1168 1744 1479 1809 delectare
1520 1747 1774 1828 poetae,

128 1828 263 1893 Aut
305 1828 495 1892 simul
538 1831 603 1894 et
643 1828 918 1894 iucunda
961 1832 1026 1894 et
1065 1828 1298 1893 idonea
1341 1828 1547 1894 dicere
1590 1828 1781 1894 vitae.

129 1911 450 1995 Quidquid
489 1913 839 2010 praecipies
852 1961 871 1996 ‚
916 1916 1053 1978 esto
1096 1913 1336 1996 brevis,
1381 1915 1454 1978 ut
1497 1913 1624 1978 cito
1670 1912 1839 1976 dicta
1954 1923 2055 1975 335

126 1996 495 2081 Percipiant
535 1997 733 2062 animi
781 1996 1019 2063 dociles
1060 1999 1448 2081 teneantque
1490 1996 1737 2062 fideles:

129 2081 336 2147 Omne
381 2103 835 2165 supervacuum
876 2082 1068 2166 pleno
1115 2082 1191 2148 de
1234 2085 1492 2166 pectore
1533 2084 1772 2147 manat.

127 2165 313 2230 Ficta
353 2166 701 2250 voluptatis
744 2187 934 2231 causa
978 2166 1109 2231 sint
1149 2167 1441 2250 proxima
1481 2166 1648 2231 veris
1659 2214 1679 2250 ‚

128 2249 229 2316 Ne
273 2249 588 2333 quodcum
632 2271 711 2314 ue
752 2251 925 2315 volet
965 2252 1188 2334 poscat
1230 2249 1354 2314 sibi
1396 2250 1612 2315 fabula
1652 2250 1850 2333 credi,

125 2333 274 2400 Neu
314 2355 584 2418 pransae
668 2334 869 2399 amiae
896 2334 1112 2398 vivum
1145 2355 1412 2418 puerum
1443 2333 1735 2398 extrahat
1762 2335 1924 2399 alvo,
1955 2345 2058 2396 340

129 2418 467 2483 centuriae
511 2418 834 2482 seniorum
876 2418 1128 2503 agitant
1170 2418 1454 2501 expertia
1495 2417 1730 2502 frugis,

128 2501 303 2567 Celsi
344 2504 751 2585 praetereunt
793 2504 1045 2567 austera
1085 2503 1387 2585 poemata
1428 2501 1732 2566 Ramnest

128 2585 337 2651 Omne
379 2586 529 2650 tulit
614 2586 905 2670 unctum,
952 2586 1061 2669 qui
1101 2585 1360 2650 miscuit
1401 2584 1557 2649 utile
1601 2583 1801 2669 dulci,

123 2669 464 2735 Lectorem
506 2669 583 2733 de
612 2669 874 2735 ectando
970 2669 1284 2753 ariterque
1327 2667 1667 2733 monendO.

122 2753 252 2819 Hic
298 2756 501 2817 meret
543 2774 688 2818 aera
728 2753 892 2817 liber
922 2692 1134 2818 gosiis
1148 2802 1167 2837 ‚
1209 2752 1318 2818 hic
1362 2755 1426 2817 et
1468 2773 1639 2817 mare
1682 2752 1917 2817 transit
1958 2765 2058 2817 345

120 2837 216 2904 Et
258 2837 528 2922 longum
568 2840 725 2902 noto
771 2836 1066 2922 scriptori
1105 2839 1414 2922 prorogat
1456 2857 1699 2902 aevum.

123 2922 296 2987 Sunt
338 2921 568 2986 delicta
609 2924 856 3004 tamen,
901 2920 1128 3003 quibus
1170 2921 1193 2983 i
1288 2920 1496 2985 ovisse
1537 2921 1834 2985 velimus:

119 3005 299 3072 Nam
326 3024 533 3088 neque
557 3004 793 3069 chorda
813 3025 1042 3069 sonum
1068 3004 1182 3068 red
1231 3004 1297 3088 't‚
1327 3025 1516 3152 qqem
1539 3004 1679 3069 vult
1706 3026 1932 3070 manus

1348 3110 1382 3153 e
1453 3109 1634 3153 mens
1650 3137 1669 3172 ,

119 3172 554 3256 Poscentique
675 3194 855 3238 avem
896 3193 1200 3257 persaepe
1240 3173 1513 3237 remittit
1555 3175 1840 3257 acutum,

119 3257 189 3324 N
191 3279 269 3323 ec
298 3279 435 3321 sem
482 3278 551 3321 er
576 3195 792 3341 igi-iet,
835 3256 1273 3341 quodcumque
1302 3257 1679 3341 minabitur,
1724 3279 1927 3322 arcus.
1961 3268 2062 3320 350

119 3341 373 3407 Verum
405 3363 449 3405 u
493 3341 516 3405 i
542 3342 730 3425 plura
745 3341 955 3405 nitent
983 3341 1053 3405 in
1077 3341 1376 3426 carmine,
1406 3363 1542 3406 non
1563 3357 1683 3426 ego
1713 3342 1933 3427 paucis

121 3425 436 3491 Offendar
477 3425 744 3490 maculis
756 3475 774 3509 ,
823 3447 981 3510 quas
1025 3428 1135 3490 aut
1175 3426 1423 3490 incuria
1463 3425 1632 3490 fudit

115 3511 266 3576 Aut
305 3510 588 3576 humana
629 3531 856 3596 parum
899 3510 1066 3575 cavit
1106 3511 1353 3574 natura.
1444 3507 1611 3586 Quid
1655 3507 1915 3594 ergost?
