2588 4046
112 251 439 324 xxxnn]
965 252 1180 307 ΗΒΕΒ
1221 253 1264 312 1.
1995 249 2074 312 27

298 414 531 498 Cogor
572 413 863 477 relictos2
918 435 1066 477 nam
1110 436 1189 478 ue
1233 414 1581 500 Diespiter,
2044 428 2075 476 5

296 496 463 582 Igni
512 517 774 562 corusco
819 497 1041 561 nubila
1070 435 1372 562 ‘invidens

392 581 813 664 Plerumque,
858 603 973 666 per
1059 604 1245 645 urum
1288 586 1586 647 tonantes

348 712 358 719 .
490 664 651 749 Egit
695 686 888 748 equos
933 605 1383 749 vofucremque
1428 689 1710 751 currum3

296 784 454 858 Quo
500 783 689 846 bruta
731 781 920 846 tellus
966 786 1029 846 et
1070 805 1238 868 vaga
1278 783 1543 847 flumina
1553 834 1571 868 ,

299 867 456 941 Quo
502 865 658 949 Styx
703 868 768 930 et
810 865 999 930 invisi
1041 866 1303 931 horrida
1345 867 1616 932 Taenari
2011 884 2075 932 10

399 950 594 1015 Sedes
638 949 977 1014 Atlanteus
1022 973 1102 1014 ue
1144 951 1291 1014 finis

493 1033 886 1098 Concutitur.
1024 1035 1151 1098 alet
1192 1035 1322 1098 ima
1365 1037 1627 1099 summis

300 1152 563 1216 Mutare
609 1154 672 1214 et
713 1151 1035 1236 insignem
1079 1155 1368 1216 attenuat
1411 1152 1562 1217 deus
1575 1203 1593 1235 ,

302 1235 603 1300 Obscura
642 1256 973 1320 promens3
1017 1235 1170 1300 hinc
1213 1237 1459 1319 apicem
1501 1259 1698 1321 rapax

398 1318 683 1383 Fortuna
727 1341 871 1383 cum
916 1319 1184 1385 stridore
1229 1323 1413 1384 acuto
2009 1336 2070 1385 15

492 1401 789 1486 Sustulit,
833 1402 938 1467 hic
980 1404 1267 1487 posuisse
1311 1404 1566 1489 gaudet.

953 1659 1243 1734 XXXV.

302 1791 365 1855 O
414 1788 588 1873 diva,
631 1792 888 1875 gratum
931 1811 1091 1873 quae
1133 1791 1306 1877 regis
1355 1791 1650 1876 Antium,

301 1876 618 1940 Praesens
660 1874 762 1938 vel
806 1874 934 1938 imo
977 1875 1201 1938 tollere
1246 1876 1324 1939 de
1368 1876 1571 1961 gradu

397 1957 668 2022 Mortale
713 1979 941 2043 corpus
986 1958 1087 2023 vel
1130 1959 1437 2043 superbos

486 2042 750 2107 Vertere
793 2042 1121 2107 funeribus
1164 2044 1553 2131 triumphos,

302 2160 402 2224 Te
443 2181 682 2256 pauper
726 2160 927 2224 ambit
970 2160 1243 2224 sollicita
1283 2183 1471 2244 prece
2035 2173 2067 2221 6

300 2244 502 2308 Ruris
546 2244 839 2326 colonuS,
883 2245 947 2306 te
991 2245 1314 2308 dominam
1357 2246 1676 2329 aequoris,

396 2326 787 2411 Quicumque
830 2326 1111 2410 Bithyna
1152 2328 1412 2393 lacessit

490 2410 904 2495 Carpathium
944 2412 1212 2496 pelagus
1256 2413 1488 2477 carina.

301 2528 400 2591 Te
444 2526 655 2592 Dacus
702 2549 917 2613 asper,
962 2531 1026 2592 te
1068 2529 1328 2613 profugi
1372 2529 1644 2612 Scythae

299 2611 637 2695 Vrbesque
680 2614 1030 2696 gentesque
1075 2615 1140 2676 et
1167 2612 1423 2676 Latium
1465 2614 1644 2677 ferox
2002 2627 2067 2675 10

393 2694 490 2759 Re
646 2717 768 2779 que
809 2698 1044 2759 matres
1088 2696 1503 2760 barbarorum
1548 2699 1612 2760 et

659 2779 796 2844 urei
840 2782 1133 2843 metuunt
1173 2781 1463 2864 tyranni,

296 2896 625 2960 Iniurioso
666 2918 751 2961 ne
793 2897 954 2981 pede
997 2918 1258 2980 proruas

297 2980 600 3046 Stantem
643 2981 1033 3064 columnam,
1078 3003 1204 3045 neu
1245 2982 1519 3064 populus
1565 2982 1860 3065 frequens

385 3063 496 3127 Ad
540 3085 715 3128 arma
758 3068 1113 3148 cessantes,
1153 3066 1232 3129 ad
1276 3087 1452 3129 arma
2000 3078 2061 3127 15

486 3145 782 3212 Concitet
822 3148 1281 3232 imperiumque
1324 3149 1597 3233 frangat.

291 3265 390 3329 Te
437 3285 688 3346 semper
731 3266 896 3330 antit
940 3287 1121 3330 serva
1168 3265 1563 3350 Necessitas,

289 3349 539 3415 Clavos
582 3349 855 3413 trabales
899 3357 963 3413 et
1005 3371 1238 3414 cuneos
1280 3372 1475 3415 manu

382 3432 661 3496 Gestans
706 3432 937 3516 ahena,
982 3455 1100 3497 nec
1145 3455 1397 3498 severus

481 3514 698 3580 Vncus
743 3517 923 3581 abest
966 3517 1395 3602 liquidumque
1438 3519 1790 3602 plumbum.
