<?xml version="1.0" encoding="UTF-8"?>
<!DOCTYPE html PUBLIC "-//W3C//DTD XHTML 1.0 Transitional//EN"
    "http://www.w3.org/TR/xhtml1/DTD/xhtml1-transitional.dtd">
<html xmlns="http://www.w3.org/1999/xhtml" xml:lang="en" lang="en">
 <head>
  <title>
</title>
<meta http-equiv="Content-Type" content="text/html;charset=utf-8" />
  <meta name='ocr-system' content='tesseract 3.04.00' />
  <meta name='ocr-capabilities' content='ocr_page ocr_carea ocr_par ocr_line ocrx_word'/>
</head>
<body>
  <div class='ocr_page' id='page_1' title='image "./qvaleriicatulli03catugoog_0505.png"; bbox 0 0 2588 4046; ppageno 0'>
   <div class='ocr_carea' id='block_1_1' title="bbox 185 244 2113 324">
    <p class='ocr_par' dir='ltr' id='par_1_1' title="bbox 185 244 2113 324">
     <span class='ocr_line' id='line_1_1' title="bbox 185 244 2113 324; baseline 0.006 -25"><span class='ocrx_word' id='word_1_1' title='bbox 185 249 249 324; x_wconf 76' lang='grc' dir='ltr'>ι]</span> <span class='ocrx_word' id='word_1_2' title='bbox 982 247 1199 304; x_wconf 70' lang='lat' dir='ltr'>mnus</span> <span class='ocrx_word' id='word_1_3' title='bbox 1240 248 1311 305; x_wconf 85' lang='lat'>11.</span> <span class='ocrx_word' id='word_1_4' title='bbox 1986 244 2113 310; x_wconf 82' lang='lat'>219</span> 
     </span>
    </p>
   </div>
   <div class='ocr_carea' id='block_1_2' title="bbox 181 408 2113 3605">
    <p class='ocr_par' dir='ltr' id='par_1_2' title="bbox 182 408 1645 497">
     <span class='ocr_line' id='line_1_2' title="bbox 182 408 1645 497; baseline 0.001 -22"><span class='ocrx_word' id='word_1_5' title='bbox 182 410 526 497; x_wconf 76' lang='lat' dir='ltr'>Agricolae</span> <span class='ocrx_word' id='word_1_6' title='bbox 568 408 793 495; x_wconf 88' lang='lat' dir='ltr'>prisci,</span> <span class='ocrx_word' id='word_1_7' title='bbox 836 408 1037 475; x_wconf 85' lang='lat' dir='ltr'>fortes</span> <span class='ocrx_word' id='word_1_8' title='bbox 1080 430 1401 494; x_wconf 83' lang='lat' dir='ltr'>parvoque</span> <span class='ocrx_word' id='word_1_9' title='bbox 1443 410 1645 495; x_wconf 76' lang='lat' dir='ltr'>beati,</span> 
     </span>
    </p>

    <p class='ocr_par' dir='ltr' id='par_1_3' title="bbox 183 493 2113 579">
     <span class='ocr_line' id='line_1_3' title="bbox 183 493 2113 579; baseline -0.001 -19"><span class='ocrx_word' id='word_1_10' title='bbox 183 494 461 561; x_wconf 77' lang='lat' dir='ltr'>Condita</span> <span class='ocrx_word' id='word_1_11' title='bbox 501 496 651 578; x_wconf 81' lang='lat' dir='ltr'>post</span> <span class='ocrx_word' id='word_1_12' title='bbox 690 493 1011 559; x_wconf 77' lang='lat' dir='ltr'>frumenta</span> <span class='ocrx_word' id='word_1_13' title='bbox 1051 493 1336 560; x_wconf 78' lang='lat' dir='ltr'>levantes</span> <span class='ocrx_word' id='word_1_14' title='bbox 1380 497 1667 579; x_wconf 87' lang='lat' dir='ltr'>tempore</span> <span class='ocrx_word' id='word_1_15' title='bbox 1708 495 1876 560; x_wconf 79' lang='lat' dir='ltr'>festo</span> <span class='ocrx_word' id='word_1_16' title='bbox 2018 508 2113 559; x_wconf 77' lang='lat'>140</span> 
     </span>
    </p>

    <p class='ocr_par' dir='ltr' id='par_1_4' title="bbox 184 578 1982 663">
     <span class='ocr_line' id='line_1_4' title="bbox 184 578 1982 663; baseline 0 -18"><span class='ocrx_word' id='word_1_17' title='bbox 184 579 432 663; x_wconf 83' lang='lat' dir='ltr'>Corpus</span> <span class='ocrx_word' id='word_1_18' title='bbox 462 582 528 644; x_wconf 86' lang='lat' dir='ltr'>et</span> <span class='ocrx_word' id='word_1_19' title='bbox 558 578 770 663; x_wconf 85' lang='lat' dir='ltr'>ipsum</span> <span class='ocrx_word' id='word_1_20' title='bbox 798 578 1081 644; x_wconf 87' lang='lat' dir='ltr'>animum</span> <span class='ocrx_word' id='word_1_21' title='bbox 1110 599 1223 663; x_wconf 86' lang='lat' dir='ltr'>spe</span> <span class='ocrx_word' id='word_1_22' title='bbox 1263 579 1411 644; x_wconf 87' lang='lat' dir='ltr'>finis</span> <span class='ocrx_word' id='word_1_23' title='bbox 1456 579 1613 644; x_wconf 90' lang='lat' dir='ltr'>dura</span> <span class='ocrx_word' id='word_1_24' title='bbox 1653 579 1982 663; x_wconf 85' lang='lat' dir='ltr'>ferentem,</span> 
     </span>
    </p>

    <p class='ocr_par' dir='ltr' id='par_1_5' title="bbox 184 661 1804 749">
     <span class='ocr_line' id='line_1_5' title="bbox 184 661 1804 749; baseline 0.001 -21"><span class='ocrx_word' id='word_1_25' title='bbox 184 662 349 729; x_wconf 86' lang='lat' dir='ltr'>Cum</span> <span class='ocrx_word' id='word_1_26' title='bbox 390 661 581 728; x_wconf 87' lang='lat' dir='ltr'>sociis</span> <span class='ocrx_word' id='word_1_27' title='bbox 626 682 889 745; x_wconf 88' lang='lat' dir='ltr'>operum</span> <span class='ocrx_word' id='word_1_28' title='bbox 964 661 1180 747; x_wconf 86' lang='lat' dir='ltr'>pueris</span> <span class='ocrx_word' id='word_1_29' title='bbox 1223 665 1292 728; x_wconf 84' lang='lat' dir='ltr'>et</span> <span class='ocrx_word' id='word_1_30' title='bbox 1334 662 1608 749; x_wconf 85' lang='lat' dir='ltr'>coniuge</span> <span class='ocrx_word' id='word_1_31' title='bbox 1649 663 1804 747; x_wconf 86' lang='lat' dir='ltr'>fida,</span> 
     </span>
    </p>

    <p class='ocr_par' dir='ltr' id='par_1_6' title="bbox 183 711 1693 832">
     <span class='ocr_line' id='line_1_6' title="bbox 183 711 1693 832; baseline 0.001 -21"><span class='ocrx_word' id='word_1_32' title='bbox 183 746 505 813; x_wconf 73' lang='lat' dir='ltr'><strong>Tellurem</strong></span> <span class='ocrx_word' id='word_1_33' title='bbox 546 766 772 830; x_wconf 87' lang='lat' dir='ltr'>porco,</span> <span class='ocrx_word' id='word_1_34' title='bbox 817 711 1146 811; x_wconf 67' lang='lat' dir='ltr'>Silvanum</span> <span class='ocrx_word' id='word_1_35' title='bbox 1188 745 1355 812; x_wconf 86' lang='lat' dir='ltr'>lacte</span> <span class='ocrx_word' id='word_1_36' title='bbox 1397 747 1693 832; x_wconf 77' lang='lat' dir='ltr'><strong>piabant,</strong></span> 
     </span>
    </p>

    <p class='ocr_par' dir='ltr' id='par_1_7' title="bbox 182 829 1942 897">
     <span class='ocr_line' id='line_1_7' title="bbox 182 829 1942 897; baseline 0.001 -1"><span class='ocrx_word' id='word_1_37' title='bbox 182 830 480 896; x_wconf 85' lang='lat' dir='ltr'>Floribus</span> <span class='ocrx_word' id='word_1_38' title='bbox 524 834 590 896; x_wconf 86' lang='lat' dir='ltr'>et</span> <span class='ocrx_word' id='word_1_39' title='bbox 629 829 781 895; x_wconf 81' lang='lat' dir='ltr'>vino</span> <span class='ocrx_word' id='word_1_40' title='bbox 825 829 1101 896; x_wconf 85' lang='lat' dir='ltr'>Genium</span> <span class='ocrx_word' id='word_1_41' title='bbox 1141 851 1488 896; x_wconf 81' lang='lat' dir='ltr'>memorem</span> <span class='ocrx_word' id='word_1_42' title='bbox 1531 831 1739 897; x_wconf 82' lang='lat' dir='ltr'>brevis</span> <span class='ocrx_word' id='word_1_43' title='bbox 1783 831 1942 897; x_wconf 79' lang='lat' dir='ltr'>aevi.</span> 
     </span>
    </p>

    <p class='ocr_par' dir='ltr' id='par_1_8' title="bbox 182 913 2108 998">
     <span class='ocr_line' id='line_1_8' title="bbox 182 913 2108 998; baseline -0.002 -18"><span class='ocrx_word' id='word_1_44' title='bbox 182 913 582 980; x_wconf 86' lang='lat' dir='ltr'>Fescennina</span> <span class='ocrx_word' id='word_1_45' title='bbox 621 935 737 998; x_wconf 86' lang='lat' dir='ltr'>per</span> <span class='ocrx_word' id='word_1_46' title='bbox 777 914 950 980; x_wconf 87' lang='lat' dir='ltr'>hunc</span> <span class='ocrx_word' id='word_1_47' title='bbox 990 915 1243 980; x_wconf 80' lang='lat' dir='ltr'>invecta</span> <span class='ocrx_word' id='word_1_48' title='bbox 1284 914 1546 981; x_wconf 75' lang='lat' dir='ltr'>licentia</span> <span class='ocrx_word' id='word_1_49' title='bbox 1585 936 1830 981; x_wconf 89' lang='lat' dir='ltr'>morem</span> <span class='ocrx_word' id='word_1_50' title='bbox 2016 927 2108 977; x_wconf 67' lang='lat'>145</span> 
     </span>
    </p>

    <p class='ocr_par' dir='ltr' id='par_1_9' title="bbox 181 997 1703 1083">
     <span class='ocr_line' id='line_1_9' title="bbox 181 997 1703 1083; baseline 0 -19"><span class='ocrx_word' id='word_1_51' title='bbox 181 997 492 1064; x_wconf 76' lang='lat' dir='ltr'><strong>Versibus</strong></span> <span class='ocrx_word' id='word_1_52' title='bbox 535 998 794 1063; x_wconf 85' lang='lat' dir='ltr'>alternis</span> <span class='ocrx_word' id='word_1_53' title='bbox 838 997 1183 1083; x_wconf 86' lang='lat' dir='ltr'>opprobria</span> <span class='ocrx_word' id='word_1_54' title='bbox 1222 999 1463 1064; x_wconf 81' lang='lat' dir='ltr'>rustica</span> <span class='ocrx_word' id='word_1_55' title='bbox 1508 997 1703 1083; x_wconf 79' lang='lat' dir='ltr'>fudit,</span> 
     </span>
    </p>

    <p class='ocr_par' dir='ltr' id='par_1_10' title="bbox 182 1082 1737 1167">
     <span class='ocr_line' id='line_1_10' title="bbox 182 1082 1737 1167; baseline 0.001 -20"><span class='ocrx_word' id='word_1_56' title='bbox 182 1082 595 1164; x_wconf 83' lang='lat' dir='ltr'>Libertasque</span> <span class='ocrx_word' id='word_1_57' title='bbox 636 1086 1030 1147; x_wconf 73' lang='lat' dir='ltr'>recurrentes</span> <span class='ocrx_word' id='word_1_58' title='bbox 1073 1084 1335 1166; x_wconf 83' lang='lat' dir='ltr'>accepta</span> <span class='ocrx_word' id='word_1_59' title='bbox 1375 1103 1491 1167; x_wconf 89' lang='lat' dir='ltr'>per</span> <span class='ocrx_word' id='word_1_60' title='bbox 1533 1098 1737 1148; x_wconf 86' lang='lat' dir='ltr'>annos</span> 
     </span>
    </p>

    <p class='ocr_par' dir='ltr' id='par_1_11' title="bbox 181 1165 1561 1249">
     <span class='ocr_line' id='line_1_11' title="bbox 181 1165 1561 1249; baseline -0.001 -16"><span class='ocrx_word' id='word_1_61' title='bbox 181 1166 368 1233; x_wconf 80' lang='lat' dir='ltr'>Lusit</span> <span class='ocrx_word' id='word_1_62' title='bbox 408 1165 794 1249; x_wconf 83' lang='lat' dir='ltr'>amabiliter,</span> <span class='ocrx_word' id='word_1_63' title='bbox 838 1165 1042 1231; x_wconf 87' lang='lat' dir='ltr'>donec</span> <span class='ocrx_word' id='word_1_64' title='bbox 1083 1166 1212 1231; x_wconf 88' lang='lat' dir='ltr'>iam</span> <span class='ocrx_word' id='word_1_65' title='bbox 1254 1186 1479 1232; x_wconf 84' lang='lat' dir='ltr'>saevus</span> <span class='ocrx_word' id='word_1_66' title='bbox 1521 1187 1561 1231; x_wconf 90' lang='lat' dir='ltr'>a</span> 
     </span>
    </p>

    <p class='ocr_par' dir='ltr' id='par_1_12' title="bbox 183 1249 1835 1335">
     <span class='ocr_line' id='line_1_12' title="bbox 183 1249 1835 1335; baseline 0.001 -19"><span class='ocrx_word' id='word_1_67' title='bbox 183 1250 265 1316; x_wconf 92' lang='lat' dir='ltr'>In</span> <span class='ocrx_word' id='word_1_68' title='bbox 304 1250 549 1316; x_wconf 85' lang='lat' dir='ltr'>rabiem</span> <span class='ocrx_word' id='word_1_69' title='bbox 592 1249 803 1333; x_wconf 85' lang='lat' dir='ltr'>coepit</span> <span class='ocrx_word' id='word_1_70' title='bbox 842 1249 1006 1315; x_wconf 80' lang='lat' dir='ltr'>verti</span> <span class='ocrx_word' id='word_1_71' title='bbox 1048 1249 1226 1315; x_wconf 91' lang='lat' dir='ltr'>iocus</span> <span class='ocrx_word' id='word_1_72' title='bbox 1268 1252 1337 1315; x_wconf 85' lang='lat' dir='ltr'>et</span> <span class='ocrx_word' id='word_1_73' title='bbox 1376 1271 1492 1335; x_wconf 86' lang='lat' dir='ltr'>per</span> <span class='ocrx_word' id='word_1_74' title='bbox 1532 1251 1835 1317; x_wconf 80' lang='lat' dir='ltr'>honestas</span> 
     </span>
    </p>

    <p class='ocr_par' dir='ltr' id='par_1_13' title="bbox 183 1333 2112 1430">
     <span class='ocr_line' id='line_1_13' title="bbox 183 1333 2112 1430; baseline 0.001 -31"><span class='ocrx_word' id='word_1_75' title='bbox 183 1334 287 1400; x_wconf 90' lang='lat' dir='ltr'>Ire</span> <span class='ocrx_word' id='word_1_76' title='bbox 330 1334 555 1399; x_wconf 87' lang='lat' dir='ltr'>domos</span> <span class='ocrx_word' id='word_1_77' title='bbox 596 1334 837 1430; x_wconf 80' lang='lat' dir='ltr'>inpune</span> <span class='ocrx_word' id='word_1_78' title='bbox 879 1334 1113 1399; x_wconf 83' lang='lat' dir='ltr'>minax.</span> <span class='ocrx_word' id='word_1_79' title='bbox 1197 1333 1478 1400; x_wconf 90' lang='lat' dir='ltr'>Doluere</span> <span class='ocrx_word' id='word_1_80' title='bbox 1522 1338 1786 1402; x_wconf 86' lang='lat' dir='ltr'>cruento</span> <span class='ocrx_word' id='word_1_81' title='bbox 2013 1347 2112 1400; x_wconf 75' lang='grc' dir='ltr'>ιω</span> 
     </span>
    </p>

    <p class='ocr_par' dir='ltr' id='par_1_14' title="bbox 184 1417 1736 1503">
     <span class='ocr_line' id='line_1_14' title="bbox 184 1417 1736 1503; baseline 0.001 -20"><span class='ocrx_word' id='word_1_82' title='bbox 184 1418 394 1484; x_wconf 82' lang='lat' dir='ltr'>Dente</span> <span class='ocrx_word' id='word_1_83' title='bbox 436 1418 779 1501; x_wconf 77' lang='lat' dir='ltr'>laccesslti,</span> <span class='ocrx_word' id='word_1_84' title='bbox 821 1417 948 1483; x_wconf 77' lang='lat' dir='ltr'>fuit</span> <span class='ocrx_word' id='word_1_85' title='bbox 986 1417 1244 1482; x_wconf 76' lang='lat' dir='ltr'>intactis</span> <span class='ocrx_word' id='word_1_86' title='bbox 1290 1439 1541 1503; x_wconf 90' lang='lat' dir='ltr'>quoque</span> <span class='ocrx_word' id='word_1_87' title='bbox 1585 1440 1736 1484; x_wconf 90' lang='lat' dir='ltr'>cura</span> 
     </span>
    </p>

    <p class='ocr_par' dir='ltr' id='par_1_15' title="bbox 185 1502 1785 1586">
     <span class='ocr_line' id='line_1_15' title="bbox 185 1502 1785 1586; baseline 0 -17"><span class='ocrx_word' id='word_1_88' title='bbox 185 1502 578 1569; x_wconf 77' lang='lat' dir='ltr'>condicione</span> <span class='ocrx_word' id='word_1_89' title='bbox 621 1522 811 1586; x_wconf 87' lang='lat' dir='ltr'>super</span> <span class='ocrx_word' id='word_1_90' title='bbox 852 1502 1174 1567; x_wconf 87' lang='lat' dir='ltr'>communi</span> <span class='ocrx_word' id='word_1_91' title='bbox 1248 1502 1404 1585; x_wconf 87' lang='lat' dir='ltr'>quin</span> <span class='ocrx_word' id='word_1_92' title='bbox 1444 1503 1640 1569; x_wconf 80' lang='lat' dir='ltr'>etiam</span> <span class='ocrx_word' id='word_1_93' title='bbox 1680 1504 1785 1569; x_wconf 86' lang='lat' dir='ltr'>lex</span> 
     </span>
    </p>

    <p class='ocr_par' dir='ltr' id='par_1_16' title="bbox 183 1549 1984 1735">
     <span class='ocr_line' id='line_1_16' title="bbox 183 1549 1984 1735; baseline 0.001 -83"><span class='ocrx_word' id='word_1_94' title='bbox 183 1585 526 1735; x_wconf 50' lang='lat' dir='ltr'>Poenaque</span> <span class='ocrx_word' id='word_1_95' title='bbox 545 1586 694 1669; x_wconf 82' lang='lat' dir='ltr'>lata,</span> <span class='ocrx_word' id='word_1_96' title='bbox 710 1585 879 1651; x_wconf 87' lang='lat' dir='ltr'>malo</span> <span class='ocrx_word' id='word_1_97' title='bbox 904 1606 1066 1670; x_wconf 87' lang='lat' dir='ltr'>quae</span> <span class='ocrx_word' id='word_1_98' title='bbox 1080 1549 1286 1650; x_wconf 69' lang='lat' dir='ltr'>nollet</span> <span class='ocrx_word' id='word_1_99' title='bbox 1302 1588 1583 1652; x_wconf 77' lang='lat' dir='ltr'>carmine</span> <span class='ocrx_word' id='word_1_100' title='bbox 1605 1608 1984 1672; x_wconf 88' lang='lat' dir='ltr'>quemquam</span> 
     </span>
    </p>

    <p class='ocr_par' dir='ltr' id='par_1_17' title="bbox 184 1669 1704 1755">
     <span class='ocr_line' id='line_1_17' title="bbox 184 1669 1704 1755; baseline 0.001 -20"><span class='ocrx_word' id='word_1_101' title='bbox 184 1670 413 1737; x_wconf 86' lang='lat' dir='ltr'>Descri</span> <span class='ocrx_word' id='word_1_102' title='bbox 454 1671 506 1755; x_wconf 83' lang='lat' dir='ltr'>i3</span> <span class='ocrx_word' id='word_1_103' title='bbox 550 1673 795 1735; x_wconf 79' lang='lat' dir='ltr'>vertere</span> <span class='ocrx_word' id='word_1_104' title='bbox 833 1669 1094 1735; x_wconf 87' lang='lat' dir='ltr'>modum</span> <span class='ocrx_word' id='word_1_105' title='bbox 1134 1669 1474 1735; x_wconf 82' lang='lat' dir='ltr'>formidine</span> <span class='ocrx_word' id='word_1_106' title='bbox 1515 1671 1704 1736; x_wconf 84' lang='lat' dir='ltr'>fustis</span> 
     </span>
    </p>

    <p class='ocr_par' dir='ltr' id='par_1_18' title="bbox 185 1752 2109 1838">
     <span class='ocr_line' id='line_1_18' title="bbox 185 1752 2109 1838; baseline -0.001 -19"><span class='ocrx_word' id='word_1_107' title='bbox 185 1755 291 1820; x_wconf 87' lang='lat' dir='ltr'>Ad</span> <span class='ocrx_word' id='word_1_108' title='bbox 331 1755 496 1820; x_wconf 87' lang='lat' dir='ltr'>bene</span> <span class='ocrx_word' id='word_1_109' title='bbox 539 1753 874 1820; x_wconf 89' lang='lat' dir='ltr'>dicendum</span> <span class='ocrx_word' id='word_1_110' title='bbox 918 1752 1483 1838; x_wconf 74' lang='lat' dir='ltr'>delectandumque</span> <span class='ocrx_word' id='word_1_111' title='bbox 1521 1754 1784 1821; x_wconf 82' lang='lat' dir='ltr'>redacti.</span> <span class='ocrx_word' id='word_1_112' title='bbox 2012 1768 2109 1818; x_wconf 72' lang='lat'>15⁶</span> 
     </span>
    </p>

    <p class='ocr_par' dir='ltr' id='par_1_19' title="bbox 187 1837 1846 1923">
     <span class='ocr_line' id='line_1_19' title="bbox 187 1837 1846 1923; baseline 0 -18"><span class='ocrx_word' id='word_1_113' title='bbox 187 1839 456 1905; x_wconf 83' lang='lat' dir='ltr'>Graecia</span> <span class='ocrx_word' id='word_1_114' title='bbox 499 1841 687 1923; x_wconf 83' lang='lat' dir='ltr'>capta</span> <span class='ocrx_word' id='word_1_115' title='bbox 726 1837 932 1903; x_wconf 83' lang='lat' dir='ltr'>ferum</span> <span class='ocrx_word' id='word_1_116' title='bbox 973 1837 1283 1903; x_wconf 82' lang='lat' dir='ltr'>victorem</span> <span class='ocrx_word' id='word_1_117' title='bbox 1327 1838 1497 1922; x_wconf 85' lang='lat' dir='ltr'>cepit</span> <span class='ocrx_word' id='word_1_118' title='bbox 1570 1843 1636 1905; x_wconf 86' lang='lat' dir='ltr'>et</span> <span class='ocrx_word' id='word_1_119' title='bbox 1678 1842 1846 1905; x_wconf 72' lang='lat' dir='ltr'>artes</span> 
     </span>
    </p>

    <p class='ocr_par' dir='ltr' id='par_1_20' title="bbox 185 1887 1580 2008">
     <span class='ocr_line' id='line_1_20' title="bbox 185 1887 1580 2008; baseline 0 -20"><span class='ocrx_word' id='word_1_120' title='bbox 185 1922 414 1988; x_wconf 76' lang='lat' dir='ltr'>Intulit.</span> <span class='ocrx_word' id='word_1_121' title='bbox 455 1922 691 2008; x_wconf 81' lang='lat' dir='ltr'>agresti</span> <span class='ocrx_word' id='word_1_122' title='bbox 734 1921 952 1987; x_wconf 61' lang='lat' dir='ltr'>letio:</span> <span class='ocrx_word' id='word_1_123' title='bbox 998 1922 1090 1986; x_wconf 90' lang='lat' dir='ltr'>sic</span> <span class='ocrx_word' id='word_1_124' title='bbox 1131 1921 1429 1987; x_wconf 84' lang='lat' dir='ltr'>horridus</span> <span class='ocrx_word' id='word_1_125' title='bbox 1471 1887 1580 1988; x_wconf 76' lang='lat' dir='ltr'>ille</span> 
     </span>
    </p>

    <p class='ocr_par' dir='ltr' id='par_1_21' title="bbox 185 2003 1780 2092">
     <span class='ocr_line' id='line_1_21' title="bbox 185 2003 1780 2092; baseline 0.001 -19"><span class='ocrx_word' id='word_1_126' title='bbox 185 2006 469 2073; x_wconf 85' lang='lat' dir='ltr'>Defluxit</span> <span class='ocrx_word' id='word_1_127' title='bbox 508 2028 809 2072; x_wconf 86' lang='lat' dir='ltr'>numerus</span> <span class='ocrx_word' id='word_1_128' title='bbox 853 2003 1217 2090; x_wconf 78' lang='lat' dir='ltr'>Saturnius,</span> <span class='ocrx_word' id='word_1_129' title='bbox 1263 2008 1330 2071; x_wconf 81' lang='lat' dir='ltr'>et</span> <span class='ocrx_word' id='word_1_130' title='bbox 1370 2028 1565 2092; x_wconf 80' lang='lat' dir='ltr'>grave</span> <span class='ocrx_word' id='word_1_131' title='bbox 1607 2007 1780 2075; x_wconf 79' lang='lat' dir='ltr'>virus</span> 
     </span>
    </p>

    <p class='ocr_par' dir='ltr' id='par_1_22' title="bbox 184 2089 1984 2176">
     <span class='ocr_line' id='line_1_22' title="bbox 184 2089 1984 2176; baseline 0.001 -19"><span class='ocrx_word' id='word_1_132' title='bbox 184 2091 537 2158; x_wconf 80' lang='lat' dir='ltr'>Munditiae</span> <span class='ocrx_word' id='word_1_133' title='bbox 578 2091 907 2176; x_wconf 82' lang='lat' dir='ltr'>pepulere3</span> <span class='ocrx_word' id='word_1_134' title='bbox 952 2089 1065 2155; x_wconf 88' lang='lat' dir='ltr'>sed</span> <span class='ocrx_word' id='word_1_135' title='bbox 1098 2090 1166 2156; x_wconf 91' lang='lat' dir='ltr'>in</span> <span class='ocrx_word' id='word_1_136' title='bbox 1207 2090 1476 2176; x_wconf 84' lang='lat' dir='ltr'>longum</span> <span class='ocrx_word' id='word_1_137' title='bbox 1515 2095 1735 2159; x_wconf 82' lang='lat' dir='ltr'>tamen</span> <span class='ocrx_word' id='word_1_138' title='bbox 1759 2113 1984 2159; x_wconf 83' lang='lat' dir='ltr'>aevum</span> 
     </span>
    </p>

    <p class='ocr_par' dir='ltr' id='par_1_23' title="bbox 185 2174 2111 2261">
     <span class='ocr_line' id='line_1_23' title="bbox 185 2174 2111 2261; baseline 0 -21"><span class='ocrx_word' id='word_1_139' title='bbox 185 2175 561 2240; x_wconf 78' lang='lat' dir='ltr'>Manserunt</span> <span class='ocrx_word' id='word_1_140' title='bbox 598 2174 912 2258; x_wconf 81' lang='lat' dir='ltr'>hodieque</span> <span class='ocrx_word' id='word_1_141' title='bbox 954 2177 1216 2239; x_wconf 77' lang='lat' dir='ltr'>manent</span> <span class='ocrx_word' id='word_1_142' title='bbox 1255 2176 1529 2261; x_wconf 79' lang='lat' dir='ltr'>vestigia</span> <span class='ocrx_word' id='word_1_143' title='bbox 1568 2177 1752 2242; x_wconf 89' lang='lat' dir='ltr'>ruris.</span> <span class='ocrx_word' id='word_1_144' title='bbox 2012 2188 2111 2240; x_wconf 77' lang='grc' dir='ltr'>ιω</span> 
     </span>
    </p>

    <p class='ocr_par' dir='ltr' id='par_1_24' title="bbox 186 2258 1852 2343">
     <span class='ocr_line' id='line_1_24' title="bbox 186 2258 1852 2343; baseline 0.001 -18"><span class='ocrx_word' id='word_1_145' title='bbox 186 2259 377 2325; x_wconf 84' lang='lat' dir='ltr'>Serus</span> <span class='ocrx_word' id='word_1_146' title='bbox 422 2259 592 2324; x_wconf 88' lang='lat' dir='ltr'>enim</span> <span class='ocrx_word' id='word_1_147' title='bbox 636 2258 894 2324; x_wconf 86' lang='lat' dir='ltr'>Graecis</span> <span class='ocrx_word' id='word_1_148' title='bbox 939 2258 1222 2324; x_wconf 75' lang='lat' dir='ltr'>admovit</span> <span class='ocrx_word' id='word_1_149' title='bbox 1261 2261 1556 2326; x_wconf 85' lang='lat' dir='ltr'>acumina</span> <span class='ocrx_word' id='word_1_150' title='bbox 1583 2261 1852 2343; x_wconf 77' lang='lat' dir='ltr'>chartis,</span> 
     </span>
    </p>

    <p class='ocr_par' dir='ltr' id='par_1_25' title="bbox 183 2342 1873 2428">
     <span class='ocr_line' id='line_1_25' title="bbox 183 2342 1873 2428; baseline -0.001 -19"><span class='ocrx_word' id='word_1_151' title='bbox 183 2343 273 2409; x_wconf 76' lang='lat' dir='ltr'>Et</span> <span class='ocrx_word' id='word_1_152' title='bbox 359 2351 463 2408; x_wconf 79' lang='lat' dir='ltr'>ost</span> <span class='ocrx_word' id='word_1_153' title='bbox 504 2342 746 2408; x_wconf 88' lang='lat' dir='ltr'>Punica</span> <span class='ocrx_word' id='word_1_154' title='bbox 786 2343 956 2407; x_wconf 84' lang='lat' dir='ltr'>bella</span> <span class='ocrx_word' id='word_1_155' title='bbox 1041 2343 1247 2408; x_wconf 80' lang='lat' dir='ltr'>uietus</span> <span class='ocrx_word' id='word_1_156' title='bbox 1291 2364 1590 2428; x_wconf 89' lang='lat' dir='ltr'>quaerere</span> <span class='ocrx_word' id='word_1_157' title='bbox 1632 2345 1873 2428; x_wconf 81' lang='lat' dir='ltr'>coepit,</span> 
     </span>
    </p>

    <p class='ocr_par' dir='ltr' id='par_1_26' title="bbox 186 2363 1982 2577">
     <span class='ocr_line' id='line_1_26' title="bbox 186 2363 1982 2576; baseline 0.001 -85"><span class='ocrx_word' id='word_1_158' title='bbox 186 2427 308 2505; x_wconf 87' lang='lat' dir='ltr'>Qui</span> <span class='ocrx_word' id='word_1_159' title='bbox 418 2425 765 2511; x_wconf 83' lang='lat' dir='ltr'>Sophocles</span> <span class='ocrx_word' id='word_1_160' title='bbox 830 2429 897 2491; x_wconf 78' lang='lat' dir='ltr'>et</span> <span class='ocrx_word' id='word_1_161' title='bbox 959 2363 1228 2511; x_wconf 47' lang='lat' dir='ltr'>Tinespis</span> <span class='ocrx_word' id='word_1_162' title='bbox 1287 2431 1354 2492; x_wconf 77' lang='lat' dir='ltr'>et</span> <span class='ocrx_word' id='word_1_163' title='bbox 1402 2428 1766 2576; x_wconf 55' lang='lat' dir='ltr'>fAeschgrlus</span> <span class='ocrx_word' id='word_1_164' title='bbox 1827 2428 1982 2493; x_wconf 81' lang='lat' dir='ltr'>utile</span> 
     </span>
     <span class='ocr_line' id='line_1_27' title="bbox 1430 2533 1660 2577; baseline 0.004 -1"><span class='ocrx_word' id='word_1_165' title='bbox 1430 2533 1614 2577; x_wconf 89' lang='lat' dir='ltr'>erren</span> <span class='ocrx_word' id='word_1_166' title='bbox 1644 2560 1660 2577; x_wconf 86' lang='lat'><strong>.</strong></span> 
     </span>
    </p>

    <p class='ocr_par' dir='ltr' id='par_1_27' title="bbox 184 2595 1928 2681">
     <span class='ocr_line' id='line_1_28' title="bbox 184 2595 1928 2681; baseline -0.001 -19"><span class='ocrx_word' id='word_1_167' title='bbox 184 2596 344 2662; x_wconf 85' lang='lat' dir='ltr'>Tem</span> <span class='ocrx_word' id='word_1_168' title='bbox 388 2596 549 2661; x_wconf 78' lang='lat' dir='ltr'>tavit</span> <span class='ocrx_word' id='word_1_169' title='bbox 589 2616 838 2681; x_wconf 89' lang='lat' dir='ltr'>quoque</span> <span class='ocrx_word' id='word_1_170' title='bbox 879 2616 1016 2661; x_wconf 92' lang='lat' dir='ltr'>rem</span> <span class='ocrx_word' id='word_1_171' title='bbox 1058 2595 1115 2660; x_wconf 88' lang='lat' dir='ltr'>si</span> <span class='ocrx_word' id='word_1_172' title='bbox 1157 2595 1353 2680; x_wconf 81' lang='lat' dir='ltr'>digne</span> <span class='ocrx_word' id='word_1_173' title='bbox 1395 2599 1637 2661; x_wconf 80' lang='lat' dir='ltr'>vertere</span> <span class='ocrx_word' id='word_1_174' title='bbox 1679 2599 1928 2680; x_wconf 86' lang='lat' dir='ltr'>posset,</span> 
     </span>
    </p>

    <p class='ocr_par' dir='ltr' id='par_1_28' title="bbox 183 2679 2108 2765">
     <span class='ocr_line' id='line_1_29' title="bbox 183 2679 2108 2765; baseline -0.003 -18"><span class='ocrx_word' id='word_1_175' title='bbox 183 2681 273 2747; x_wconf 76' lang='lat' dir='ltr'>Et</span> <span class='ocrx_word' id='word_1_176' title='bbox 313 2702 358 2765; x_wconf 86' lang='lat' dir='ltr'>p</span> <span class='ocrx_word' id='word_1_177' title='bbox 509 2680 557 2744; x_wconf 83' lang='lat' dir='ltr'>‘t</span> <span class='ocrx_word' id='word_1_178' title='bbox 597 2679 747 2763; x_wconf 85' lang='lat' dir='ltr'>sibi,</span> <span class='ocrx_word' id='word_1_179' title='bbox 788 2682 1020 2745; x_wconf 76' lang='lat' dir='ltr'>natura</span> <span class='ocrx_word' id='word_1_180' title='bbox 1063 2679 1354 2744; x_wconf 87' lang='lat' dir='ltr'>sublimis</span> <span class='ocrx_word' id='word_1_181' title='bbox 1398 2682 1465 2744; x_wconf 78' lang='lat' dir='ltr'>et</span> <span class='ocrx_word' id='word_1_182' title='bbox 1505 2700 1678 2745; x_wconf 83' lang='lat' dir='ltr'>acer:</span> <span class='ocrx_word' id='word_1_183' title='bbox 2010 2691 2108 2742; x_wconf 72' lang='lat'>16⁶</span> 
     </span>
    </p>

    <p class='ocr_par' dir='ltr' id='par_1_29' title="bbox 184 2763 1831 2849">
     <span class='ocr_line' id='line_1_30' title="bbox 184 2763 1831 2849; baseline -0.001 -19"><span class='ocrx_word' id='word_1_184' title='bbox 184 2765 247 2830; x_wconf 83' lang='lat' dir='ltr'>N</span> <span class='ocrx_word' id='word_1_185' title='bbox 249 2786 357 2829; x_wconf 91' lang='lat' dir='ltr'>am</span> <span class='ocrx_word' id='word_1_186' title='bbox 400 2764 602 2848; x_wconf 81' lang='lat' dir='ltr'>spirat</span> <span class='ocrx_word' id='word_1_187' title='bbox 640 2764 954 2849; x_wconf 81' lang='lat' dir='ltr'>tragicum</span> <span class='ocrx_word' id='word_1_188' title='bbox 996 2764 1151 2828; x_wconf 83' lang='lat' dir='ltr'>satis</span> <span class='ocrx_word' id='word_1_189' title='bbox 1195 2767 1260 2827; x_wconf 86' lang='lat' dir='ltr'>et</span> <span class='ocrx_word' id='word_1_190' title='bbox 1302 2763 1571 2829; x_wconf 71' lang='lat' dir='ltr'>feliciter</span> <span class='ocrx_word' id='word_1_191' title='bbox 1613 2763 1831 2846; x_wconf 84' lang='lat' dir='ltr'>audet,</span> 
     </span>
    </p>

    <p class='ocr_par' dir='ltr' id='par_1_30' title="bbox 184 2847 1804 2932">
     <span class='ocr_line' id='line_1_31' title="bbox 184 2847 1804 2932; baseline -0.001 -18"><span class='ocrx_word' id='word_1_192' title='bbox 184 2848 311 2914; x_wconf 87' lang='lat' dir='ltr'>Sed</span> <span class='ocrx_word' id='word_1_193' title='bbox 351 2851 603 2932; x_wconf 80' lang='lat' dir='ltr'>turpem</span> <span class='ocrx_word' id='word_1_194' title='bbox 645 2851 830 2932; x_wconf 79' lang='lat' dir='ltr'>putat</span> <span class='ocrx_word' id='word_1_195' title='bbox 869 2848 1096 2914; x_wconf 86' lang='lat' dir='ltr'>inscite</span> <span class='ocrx_word' id='word_1_196' title='bbox 1134 2847 1486 2930; x_wconf 80' lang='lat' dir='ltr'>metuitque</span> <span class='ocrx_word' id='word_1_197' title='bbox 1528 2847 1804 2912; x_wconf 82' lang='lat' dir='ltr'>lituram.</span> 
     </span>
    </p>

    <p class='ocr_par' dir='ltr' id='par_1_31' title="bbox 184 2930 1835 3018">
     <span class='ocr_line' id='line_1_32' title="bbox 184 2930 1835 3018; baseline -0.002 -20"><span class='ocrx_word' id='word_1_198' title='bbox 184 2931 512 3016; x_wconf 76' lang='lat' dir='ltr'>Creditur,</span> <span class='ocrx_word' id='word_1_199' title='bbox 557 2953 634 2997; x_wconf 86' lang='lat' dir='ltr'>ex</span> <span class='ocrx_word' id='word_1_200' title='bbox 674 2932 885 2998; x_wconf 89' lang='lat' dir='ltr'>medio</span> <span class='ocrx_word' id='word_1_201' title='bbox 929 2933 1077 3018; x_wconf 89' lang='lat' dir='ltr'>quia</span> <span class='ocrx_word' id='word_1_202' title='bbox 1117 2952 1219 2996; x_wconf 85' lang='lat' dir='ltr'>res</span> <span class='ocrx_word' id='word_1_203' title='bbox 1264 2932 1531 2997; x_wconf 78' lang='lat' dir='ltr'>arcessit</span> <span class='ocrx_word' id='word_1_204' title='bbox 1602 2930 1835 2996; x_wconf 86' lang='lat' dir='ltr'>habere</span> 
     </span>
    </p>

    <p class='ocr_par' dir='ltr' id='par_1_32' title="bbox 183 2979 1838 3100">
     <span class='ocr_line' id='line_1_33' title="bbox 183 2979 1838 3100; baseline -0.001 -18"><span class='ocrx_word' id='word_1_205' title='bbox 183 3016 448 3083; x_wconf 88' lang='lat' dir='ltr'>Sudoris</span> <span class='ocrx_word' id='word_1_206' title='bbox 488 3017 852 3100; x_wconf 87' lang='lat' dir='ltr'>minimum,</span> <span class='ocrx_word' id='word_1_207' title='bbox 895 3017 1007 3082; x_wconf 87' lang='lat' dir='ltr'>sed</span> <span class='ocrx_word' id='word_1_208' title='bbox 1049 3015 1243 3082; x_wconf 84' lang='lat' dir='ltr'>habet</span> <span class='ocrx_word' id='word_1_209' title='bbox 1285 2979 1614 3081; x_wconf 64' lang='lat' dir='ltr'>comoedia</span> <span class='ocrx_word' id='word_1_210' title='bbox 1654 3017 1838 3081; x_wconf 79' lang='lat' dir='ltr'>tanto</span> 
     </span>
    </p>

    <p class='ocr_par' dir='ltr' id='par_1_33' title="bbox 183 3099 2111 3184">
     <span class='ocr_line' id='line_1_34' title="bbox 183 3099 2111 3184; baseline -0.003 -18"><span class='ocrx_word' id='word_1_211' title='bbox 183 3101 336 3166; x_wconf 87' lang='lat' dir='ltr'>Plus</span> <span class='ocrx_word' id='word_1_212' title='bbox 358 3101 590 3183; x_wconf 87' lang='lat' dir='ltr'>oneris,</span> <span class='ocrx_word' id='word_1_213' title='bbox 616 3103 855 3184; x_wconf 85' lang='lat' dir='ltr'>quanto</span> <span class='ocrx_word' id='word_1_214' title='bbox 874 3100 1095 3166; x_wconf 80' lang='lat' dir='ltr'>veniae</span> <span class='ocrx_word' id='word_1_215' title='bbox 1115 3100 1348 3165; x_wconf 89' lang='lat' dir='ltr'>minus.</span> <span class='ocrx_word' id='word_1_216' title='bbox 1392 3100 1530 3165; x_wconf 85' lang='lat' dir='ltr'>Ads</span> <span class='ocrx_word' id='word_1_217' title='bbox 1575 3100 1692 3182; x_wconf 90' lang='lat' dir='ltr'>ice,</span> <span class='ocrx_word' id='word_1_218' title='bbox 1715 3099 1980 3166; x_wconf 79' lang='lat' dir='ltr'>Plautus</span> <span class='ocrx_word' id='word_1_219' title='bbox 2013 3111 2111 3161; x_wconf 81' lang='lat'>170</span> 
     </span>
    </p>

    <p class='ocr_par' dir='ltr' id='par_1_34' title="bbox 185 3183 1721 3268">
     <span class='ocr_line' id='line_1_35' title="bbox 185 3183 1721 3268; baseline 0 -19"><span class='ocrx_word' id='word_1_220' title='bbox 185 3184 325 3260; x_wconf 86' lang='lat' dir='ltr'>Quo</span> <span class='ocrx_word' id='word_1_221' title='bbox 369 3187 559 3268; x_wconf 88' lang='lat' dir='ltr'>pacto</span> <span class='ocrx_word' id='word_1_222' title='bbox 649 3188 818 3249; x_wconf 82' lang='lat' dir='ltr'>artes</span> <span class='ocrx_word' id='word_1_223' title='bbox 859 3186 1102 3250; x_wconf 78' lang='lat' dir='ltr'>tutetur</span> <span class='ocrx_word' id='word_1_224' title='bbox 1143 3184 1418 3250; x_wconf 80' lang='lat' dir='ltr'>amantis</span> <span class='ocrx_word' id='word_1_225' title='bbox 1462 3205 1541 3268; x_wconf 89' lang='lat' dir='ltr'>ep</span> <span class='ocrx_word' id='word_1_226' title='bbox 1590 3183 1721 3267; x_wconf 89' lang='lat' dir='ltr'>ebi,</span> 
     </span>
    </p>

    <p class='ocr_par' dir='ltr' id='par_1_35' title="bbox 185 3267 1591 3353">
     <span class='ocr_line' id='line_1_36' title="bbox 185 3267 1591 3353; baseline 0.001 -21"><span class='ocrx_word' id='word_1_227' title='bbox 185 3267 275 3333; x_wconf 77' lang='lat' dir='ltr'>Vt</span> <span class='ocrx_word' id='word_1_228' title='bbox 315 3269 521 3353; x_wconf 77' lang='lat' dir='ltr'>patris</span> <span class='ocrx_word' id='word_1_229' title='bbox 563 3289 603 3333; x_wconf 91' lang='lat' dir='ltr'>a</span> <span class='ocrx_word' id='word_1_230' title='bbox 693 3269 823 3351; x_wconf 84' lang='lat' dir='ltr'>nti,</span> <span class='ocrx_word' id='word_1_231' title='bbox 863 3269 1114 3334; x_wconf 88' lang='lat' dir='ltr'>lenonis</span> <span class='ocrx_word' id='word_1_232' title='bbox 1154 3270 1227 3333; x_wconf 76' lang='lat' dir='ltr'>ut</span> <span class='ocrx_word' id='word_1_233' title='bbox 1267 3268 1591 3351; x_wconf 72' lang='lat' dir='ltr'>insidiosi,</span> 
     </span>
    </p>

    <p class='ocr_par' dir='ltr' id='par_1_36' title="bbox 186 3351 1845 3436">
     <span class='ocr_line' id='line_1_37' title="bbox 186 3351 1845 3436; baseline -0.001 -18"><span class='ocrx_word' id='word_1_234' title='bbox 186 3353 476 3429; x_wconf 85' lang='lat' dir='ltr'>Quantus</span> <span class='ocrx_word' id='word_1_235' title='bbox 519 3352 608 3417; x_wconf 85' lang='lat' dir='ltr'>sit</span> <span class='ocrx_word' id='word_1_236' title='bbox 647 3352 1022 3419; x_wconf 76' lang='lat' dir='ltr'>Dossennus</span> <span class='ocrx_word' id='word_1_237' title='bbox 1067 3351 1361 3418; x_wconf 87' lang='lat' dir='ltr'>edacibus</span> <span class='ocrx_word' id='word_1_238' title='bbox 1402 3353 1475 3418; x_wconf 91' lang='lat' dir='ltr'>in</span> <span class='ocrx_word' id='word_1_239' title='bbox 1515 3352 1813 3436; x_wconf 70' lang='lat' dir='ltr'>parasitis</span> <span class='ocrx_word' id='word_1_240' title='bbox 1829 3401 1845 3432; x_wconf 86' lang='lat'>,</span> 
     </span>
    </p>

    <p class='ocr_par' dir='ltr' id='par_1_37' title="bbox 187 3436 1839 3534">
     <span class='ocr_line' id='line_1_38' title="bbox 187 3436 1839 3534; baseline -0.001 -33"><span class='ocrx_word' id='word_1_241' title='bbox 187 3437 392 3513; x_wconf 89' lang='lat' dir='ltr'>Quam</span> <span class='ocrx_word' id='word_1_242' title='bbox 433 3457 569 3502; x_wconf 89' lang='lat' dir='ltr'>non</span> <span class='ocrx_word' id='word_1_243' title='bbox 612 3436 916 3502; x_wconf 65' lang='lat' dir='ltr'>adstricto</span> <span class='ocrx_word' id='word_1_244' title='bbox 959 3439 1287 3534; x_wconf 72' lang='lat' dir='ltr'>percurrat</span> <span class='ocrx_word' id='word_1_245' title='bbox 1373 3437 1578 3520; x_wconf 85' lang='lat' dir='ltr'>ulpita</span> <span class='ocrx_word' id='word_1_246' title='bbox 1619 3456 1839 3501; x_wconf 87' lang='lat' dir='ltr'>socco:</span> 
     </span>
    </p>

    <p class='ocr_par' dir='ltr' id='par_1_38' title="bbox 189 3518 2109 3605">
     <span class='ocr_line' id='line_1_39' title="bbox 189 3518 2109 3605; baseline -0.004 -17"><span class='ocrx_word' id='word_1_247' title='bbox 189 3520 400 3588; x_wconf 80' lang='lat' dir='ltr'>Gestit</span> <span class='ocrx_word' id='word_1_248' title='bbox 419 3521 591 3587; x_wconf 90' lang='lat' dir='ltr'>enim</span> <span class='ocrx_word' id='word_1_249' title='bbox 611 3542 943 3587; x_wconf 91' lang='lat' dir='ltr'>nummum</span> <span class='ocrx_word' id='word_1_250' title='bbox 963 3542 1034 3585; x_wconf 90' lang='lat' dir='ltr'>m</span> <span class='ocrx_word' id='word_1_251' title='bbox 1053 3520 1297 3586; x_wconf 90' lang='lat' dir='ltr'>loculos</span> <span class='ocrx_word' id='word_1_252' title='bbox 1359 3520 1665 3604; x_wconf 74' lang='lat' dir='ltr'>emittere,</span> <span class='ocrx_word' id='word_1_253' title='bbox 1688 3522 1838 3605; x_wconf 80' lang='lat' dir='ltr'>post</span> <span class='ocrx_word' id='word_1_254' title='bbox 1857 3518 1981 3584; x_wconf 88' lang='lat' dir='ltr'>hoc</span> <span class='ocrx_word' id='word_1_255' title='bbox 2014 3529 2109 3581; x_wconf 72' lang='lat'>175</span> 
     </span>
    </p>
   </div>
  </div>
 </body>
</html>
