2588 4046
385 232 512 296 214
916 233 1429 290 Emsmfflvu
1471 232 1685 288 ussa
1714 232 1756 289 1.
2138 231 2316 306 [xx]

509 399 664 466 Non
706 398 827 462 erit
868 397 1100 461 emisso
1143 395 1383 460 reditus
1425 394 1566 459 tibi.
1647 392 1839 470 ‘Quid
1879 392 2071 458 miser
2114 392 2270 479 egi?

513 481 682 557 Quid
723 481 895 546 volui
906 480 963 545 ?’
1011 479 1212 564 dices,
1267 479 1380 544 ubi
1423 478 1575 563 quid
1616 480 1682 542 te
1736 478 2019 562 laeserit3
2076 480 2143 542 et
2184 477 2321 542 seis

511 566 592 630 In
632 566 824 630 breve
867 568 932 629 te
977 584 1052 629 co
1104 565 1118 578 ’
1132 613 1151 648 ‚
1196 585 1342 629 cum
1381 563 1609 646 plenus
1652 562 1916 647 languet
1957 563 2222 626 amator.

515 648 758 726 Quodsi
838 670 973 713 non
1015 668 1052 712 o
1106 648 1160 712 'o
1204 646 1529 731 peccantis
1573 646 1807 730 desipit
1845 667 2077 731 aug-ur,

390 747 456 797 ιο
521 733 721 799 Carus
764 733 889 798 eris
931 732 1171 797 Romae
1184 780 1203 814 ,
1248 731 1451 796 donee
1491 733 1557 795 te
1601 729 1852 796 deserat
1890 733 2097 815 aetas3

515 818 961 884 Contrectatus
1004 816 1116 880 ubi
1156 814 1451 880 manibus
1495 813 1854 880 sordescere
1896 814 2073 899 volgi

516 902 818 986 Coeperis
829 950 848 985 ‚
893 903 1005 966 aut
1043 900 1249 964 tineas
1291 920 1514 983 pasees
1555 899 1909 964 taciturnus
1951 898 2189 963 inertes

513 986 649 1051 Aut
687 985 896 1070 fugies
937 984 1193 1050 Uticam
1245 985 1357 1050 aut
1397 983 1646 1049 vinctus
1700 982 1973 1047 mitteris
2016 980 2321 1048 Ilerdam.

513 1068 774 1135 Ridebit
813 1067 1095 1133 monitor
1133 1089 1268 1133 non
1311 1067 1669 1150 exauditus,
1714 1069 1787 1131 ut
1826 1066 1936 1131 ille
1947 1114 1968 1151 ,

391 1166 456 1217 15
517 1154 639 1230 Qui
681 1153 848 1218 male
888 1154 1217 1250 parentem
1260 1151 1330 1215 in
1371 1171 1560 1236 rupes
1601 1150 1911 1235 protrusit
1952 1150 2218 1216 asellum

514 1237 754 1303 Iratus:
799 1258 940 1320 quis
983 1237 1156 1301 em'm
1197 1236 1471 1302 invitum
1513 1256 1763 1300 servare
1806 1233 2096 1300 laboret?

513 1320 656 1386 Hoc
679 1342 927 1404 quoque
946 1323 1010 1385 te
1031 1322 1267 1404 manet,
1296 1322 1371 1386 ut
1387 1340 1619 1417 pueros
1641 1320 1956 1385 elementa
1977 1319 2323 1385 docentem

516 1404 803 1488 Occupet
845 1405 1141 1469 extremis
1185 1405 1256 1468 in
1297 1404 1453 1469 vicis
1497 1403 1688 1468 balba
1729 1406 2039 1470 senectus.

515 1488 679 1555 Cum
721 1488 840 1552 tibi
885 1488 984 1553 sol
1025 1487 1274 1573 tepidus
1318 1489 1533 1572 plures
1577 1487 1930 1554 admoverit
1970 1509 2186 1574 aures,

388 1586 456 1635 20
516 1573 624 1638 Me
667 1572 964 1637 libertino
1006 1576 1228 1637 natum
1270 1575 1451 1657 patre
1495 1575 1560 1637 et
1599 1573 1671 1637 in
1710 1573 1890 1637 tenui
1937 1594 2007 1637 re

512 1657 789 1722 Maiores
840 1657 1074 1738 pinnas
1115 1656 1268 1721 nido
1315 1656 1672 1721 extendisse
1715 1656 1992 1741 loqueris
2007 1705 2026 1740 ‚

509 1740 604 1806 Vt
644 1744 950 1824 quantum
1039 1741 1211 1804 eneri
1254 1741 1501 1824 demas,
1549 1741 1884 1806 virtutibus
1926 1739 2156 1826 addas3

512 1824 619 1888 Me
661 1824 884 1908 primis
927 1846 1002 1887 ur
1047 1824 1102 1888 is
1145 1824 1299 1889 belli
1341 1825 1656 1908 placuisse
1700 1824 2025 1909 domique,

512 1907 816 1992 Corporis
860 1908 1102 1993 exigui,
1144 1929 1556 1992 praecanam,
1602 1909 1843 1975 solibus
1887 1912 2140 1993 aptum,

387 2004 452 2056 25
515 1991 713 2058 Irasci
756 1992 1022 2058 celerem
1035 2042 1054 2077 ,
1098 1994 1316 2058 tamen
1355 1995 1430 2058 ut
1468 1992 1802 2077 placabilis
1846 2014 2071 2060 essem.

510 2076 703 2141 Forte
743 2097 957 2141 meum
1000 2078 1195 2160 siquis
1237 2081 1303 2142 te
1345 2078 1822 2162 percontabitur
1862 2099 2116 2143 aevum:

510 2160 619 2224 Me
662 2163 886 2243 quater
926 2160 1215 2226 undenos
1259 2162 1424 2226 sciat
1464 2162 1806 2246 inplevisse
1848 2161 2274 2249 Decembres,

512 2242 841 2330 collegam
883 2244 1195 2330 Lepidum
1239 2267 1364 2329 quo
1410 2245 1571 2310 dixit
1612 2245 1857 2312 Lollius
1900 2267 2092 2312 anno.
