2588 4046
165 241 285 313 111]
969 241 1186 298 mmm
1226 243 1299 300 11.
1975 239 2093 305 163

161 401 337 466 Dum
380 401 577 467 doceo
617 403 901 468 insanire
945 424 1166 469 omnes
1174 453 1196 488 ,
1238 426 1355 470 vos
1399 405 1621 471 ordine
1665 406 1836 473 adite

161 485 458 550 Dandast
500 485 764 552 ellebori
805 488 1008 553 multo
1045 511 1202 586 pars
1243 490 1522 555 maxima
1562 492 1798 576 avaris3

160 569 400 634 Nescio
434 591 520 634 an
538 571 919 655 Anticyram
937 574 1101 636 ratio
1136 573 1265 638 illis
1305 573 1585 640 destinet
1604 596 1879 642 omnem.

159 653 446 718 Heredes
485 652 739 719 Staberi
780 677 1096 721 summam
1137 657 1423 723 incidere
1460 659 1751 743 sepulcro
1765 708 1786 743 ,

157 737 249 802 Ni
291 737 387 802 sic
429 737 763 822 fecissent,
806 739 1231 825 gladiatorum
1273 742 1423 807 dare
1467 746 1723 809 centum
2023 757 2091 806 85

157 821 465 886 Damnati
491 823 731 906 populo
774 824 954 907 paria
981 827 1170 908 atque
1204 826 1464 909 epulum
1492 826 1754 891 arbitrio
1784 827 1932 892 Arri
1943 877 1964 912 ,

156 905 491 970 Frumenti
533 909 843 990 quantum
884 909 1071 972 metit
1096 909 1334 974 Africa.
1395 909 1567 975 ‘Sive
1611 932 1731 996 ego
1774 933 1966 995 prave

158 989 285 1054 Seu
314 992 487 1053 recte
514 988 638 1055 hoc
666 991 842 1055 volui
917 1012 1001 1056 ne
1030 992 1117 1057 sis
1159 996 1425 1077 patruus
1453 993 1657 1059 mihi.'
1725 992 1961 1078 Credo,

158 1072 300 1138 Hoc
320 1072 573 1138 Staberi
591 1039 972 1158 prudentem
994 1077 1280 1141 animum
1302 1077 1556 1143 vidisse.
1599 1077 1790 1154 ‘Quid
1812 1099 1964 1164 ergo

157 1155 403 1240 Sensit,
452 1178 596 1222 cum
639 1179 955 1223 summam
995 1160 1345 1244 patrimoni
1385 1162 1745 1243 insculpere
1787 1184 1939 1227 saxo
2023 1176 2091 1225 90

159 1240 442 1305 Heredes
484 1241 758 1306 voluit?
830 1241 1052 1317 Quoad
1096 1245 1286 1327 vixit,
1334 1244 1607 1309 credidit
1649 1245 1885 1330 ingens

158 1324 537 1408 pauperiem
579 1325 806 1390 vitium
850 1328 916 1390 et
958 1326 1128 1392 cavit
1166 1326 1333 1391 nihil
1375 1328 1611 1412 acrius,
1654 1329 1760 1410 ut,
1804 1329 1862 1391 si

154 1408 352 1473 Forte
392 1408 606 1473 minus
648 1409 935 1494 locuples
976 1429 1107 1474 uno
1151 1410 1503 1494 quadrante
1545 1411 1847 1509 perisset,

154 1491 188 1558 I
235 1514 304 1557 se
347 1491 666 1557 videretur
708 1493 832 1558 sibi
873 1516 921 1557 n
1001 1495 1167 1559 uior:
1213 1496 1422 1560 omnis
1463 1517 1635 1561 emm
1676 1516 1809 1577 res,

217 1577 413 1659 irtus,
455 1577 656 1660 fama,
701 1576 925 1661 decus,
1019 1579 1187 1643 'vina
1226 1578 1628 1664 humanaque
1716 1577 1952 1643 ulchris
2022 1589 2090 1640 95

155 1659 419 1726 Divitiis
461 1664 720 1745 parent3
764 1683 921 1746 quas
965 1663 1075 1746 qui
1118 1664 1545 1728 construxerit
1616 1664 1662 1727 il
1690 1684 1725 1726 e

157 1742 385 1810 Clarus
415 1745 564 1829 erit,
607 1745 824 1833 fortis,
865 1746 1090 1812 iustus.
1157 1712 1603 1896 ‘Sapiengneff'
1671 1745 1919 1830 Etiam,

1380 1853 1414 1896 e
1483 1853 1596 1896 rex

155 1913 247 1979 Et
284 1912 594 1998 quidquid
634 1913 827 1979 volet.
904 1913 1080 1998 Hoc,
1123 1915 1322 1981 veluti
1365 1917 1599 1980 virtute
1686 1917 1962 1997 aratum,

158 1996 202 2063 S
250 1997 457 2063 eravit
495 2019 767 2084 magnae
810 1998 983 2063 laudi
1026 1999 1178 2065 fore.
1268 1999 1436 2077 Quid
1480 1998 1622 2065 simi
1651 2021 1686 2065 e
1727 1999 1837 2064 isti

215 2103 441 2147 raecus
482 2082 851 2179 Aristippus
865 2082 899 2147 ¹?
946 2084 1054 2168 qui
1097 2105 1313 2149 servos
1400 2085 1639 2150 roicere
1683 2105 1908 2148 aurum
1993 2095 2091 2145 100

158 2165 237 2230 In
277 2166 493 2230 media
533 2166 721 2231 iussit
761 2165 995 2252 Libya,
1048 2168 1197 2252 quia
1237 2171 1337 2233 tar
1386 2168 1478 2233 'us
1520 2170 1690 2233 irent

159 2250 432 2335 Propter
472 2269 635 2315 onus
679 2271 927 2335 segnes.
1003 2250 1162 2318 Vter
1204 2255 1305 2317 est
1344 2253 1632 2318 insanior
1672 2251 1947 2317 horum?

159 2333 272 2399 Nil
317 2335 458 2420 agit
501 2355 679 2399 exem
725 2335 888 2419 lum,
931 2336 1110 2400 litem
1154 2336 1327 2420 quod
1368 2338 1481 2402 lite
1522 2337 1805 2402 resolvit.

163 2418 376 2503 Siquis
407 2422 579 2482 emat
607 2419 664 2483 ci
811 2440 912 2504 as,
956 2440 1059 2485 em
1104 2422 1205 2485 tas
1245 2442 1369 2485 con
1414 2424 1583 2486 ortet
1621 2421 1692 2486 in
1733 2442 1963 2503 unum,

161 2502 297 2568 Nec
341 2502 552 2567 studio
598 2501 876 2568 citharae
917 2525 1037 2569 nec
1152 2526 1301 2570 usae
1387 2505 1593 2570 editus
1635 2504 1751 2569 ulli
1993 2513 2091 2564 105

162 2585 228 2652 Si
272 2587 528 2670 scalpra
571 2588 636 2650 et
677 2586 915 2651 formas
956 2608 1089 2652 non
1131 2591 1339 2672 sutor,
1382 2589 1641 2654 nautica
1679 2552 1823 2653 vela

161 2672 444 2736 Aversus
485 2671 887 2738 mercaturis:
932 2671 1167 2736 delirus
1211 2675 1277 2737 et
1318 2694 1537 2737 amens

167 2754 459 2840 Vndique
503 2753 751 2819 dicatur
790 2756 1039 2821 merito.
1126 2756 1250 2833 Qui
1294 2755 1611 2841 discrepat
1649 2756 1791 2821 istis
1791 2804 1824 2853 Ι

161 2837 283 2915 Qui
326 2859 624 2904 nummos
668 2860 1013 2923 aurumque
1054 2840 1376 2925 recondit,
1417 2840 1670 2906 nescius
1713 2842 1810 2904 ut1

162 2922 533 3008 Conpositis
575 2926 988 3008 metuensque
1028 2925 1205 2989 velut
1246 2925 1616 3011 contingere
1659 2922 1950 2990 sacrum?
1992 2935 2091 2985 110

163 3005 373 3093 Siquis
417 3007 497 3072 ad
538 3008 869 3093 ingentem
911 3008 1217 3074 frumenti
1258 3031 1509 3094 semper
1552 3031 1847 3075 acervum

163 3090 500 3157 Porrectus
542 3092 772 3190 vigilet
812 3114 959 3158 cum
1000 3094 1198 3179 longo
1241 3093 1411 3158 fuste
1494 3115 1702 3179 neque
1743 3093 1922 3157 illinc

163 3176 416 3242 Audeat
456 3197 739 3242 esunens
782 3177 1077 3243 dominus
1121 3178 1494 3264 contingere
1534 3200 1834 3264 granum3

161 3260 257 3325 Ac
299 3260 516 3345 potius
557 3260 732 3326 foliis
822 3283 1005 3326 arcus
1046 3265 1341 3327 vescatur
1383 3263 1647 3349 amaris3

163 3342 230 3407 Si
320 3345 501 3409 ositis
543 3345 721 3410 intus
818 3345 913 3410 hii
955 3347 1312 3432 veterisque
1354 3346 1613 3411 Falerni
1989 3353 2087 3404 115

235 3428 249 3441 ⁶
306 3450 342 3493 e
386 3428 585 3512 cadis,
635 3428 801 3495 nihil
844 3432 967 3529 est,
1012 3434 1368 3496 tercentum
1410 3431 1697 3514 milibus,
1742 3450 1885 3494 acre

167 3508 354 3577 Potet
380 3516 659 3601 acetum3
705 3535 859 3601 age,
904 3536 962 3581 si
1002 3518 1068 3580 et
1095 3516 1460 3582 stramentis
1495 3515 1754 3580 incubet
1780 3513 1963 3577 ulvae

1683 3620 1745 3669 11
1759 3614 1786 3644 ⁶
