2588 4046
187 255 278 332 ιι]
1011 257 1227 316 unua
1268 258 1339 318 11.
1990 251 2117 320 225

189 417 403 484 Verba
447 418 620 503 lyrae
664 421 916 485 motura
957 439 1184 486 sonum
1231 424 1561 489 conectere
1605 420 1875 509 digner?

189 502 411 569 Frater
455 506 590 568 erat
633 501 874 569 Romae
919 505 1192 571 consulti
1236 504 1484 590 rhetor,
1528 508 1570 588 †
1590 508 1665 572 ut
1704 506 1863 572 alter

194 585 472 652 Alterius
516 607 808 653 sermone
850 608 1055 654 meros
1101 588 1348 655 audiret
1389 589 1665 655 honores

188 668 516 737 Gracchus
559 672 634 736 ut
673 670 778 737 hic
821 670 949 755 illi,
997 672 1164 739 foret
1205 672 1356 739 huie
1397 678 1470 739 ut
1512 637 1761 740 Mucius
1804 673 1930 739 1110.

187 754 308 831 Qui
355 754 568 819 minus
613 756 873 841 argutos
916 759 1105 822 vexat
1145 756 1323 823 furor
1363 757 1484 824 iste
1572 757 1795 824 oetas?
2049 767 2118 821 00

188 836 491 905 Carmina
533 858 858 924 conpone,
904 838 1010 905 hic
1053 840 1286 927 elegos.
1375 840 1543 907 Mira
1587 841 1670 907 ile
1713 841 1852 907 visu

188 920 644 1006 caelatumque
663 943 894 989 novem
917 922 1119 990 Musis
1142 931 1333 1010 opus!
1386 924 1667 1011 Adspice
1694 925 1989 1011 primum,

187 1006 443 1083 Quanto
489 1026 632 1072 cum
676 1006 875 1092 fastu,
966 1010 1158 1075 uanto
1203 1008 1531 1075 molimine
1577 1009 1812 1075 circum

188 1090 231 1157 S
278 1093 562 1158 ectemus
605 1111 870 1157 vacuam
1015 1093 1222 1159 manis
1264 1092 1516 1159 vatibus
1561 1093 1809 1179 aedem3

258 1194 340 1241 ox
373 1174 585 1259 etiam,
632 1174 685 1240 si
730 1175 895 1241 forte
937 1197 1144 1262 vacas,
1191 1197 1452 1263 sequere
1483 1180 1548 1243 et
1574 1177 1796 1264 procul
1841 1176 2005 1263 audi,
2050 1188 2117 1241 9⁶

188 1258 356 1335 Quid
399 1258 566 1324 ferat
608 1261 673 1324 et
713 1279 908 1344 quare
952 1260 1073 1327 sibi
1103 1264 1321 1328 nectat
1361 1264 1624 1361 uterque
1668 1281 1989 1329 coronam.

190 1341 531 1410 Caedimur
572 1345 639 1409 et
678 1343 944 1409 totidem
988 1344 1199 1432 plagis
1243 1366 1677 1413 consumlmus
1719 1344 1970 1412 bostem

189 1426 394 1493 Lento
439 1426 754 1493 Samnites
797 1428 876 1494 ad
922 1428 1165 1495 lumina
1207 1430 1416 1515 prima
1458 1429 1691 1497 duello.

193 1510 469 1578 Discedo
513 1510 786 1577 Alcaeus
829 1515 1066 1597 puncto
1109 1513 1312 1600 illius3
1358 1514 1467 1580 ille
1511 1534 1653 1580 meo
1698 1514 1884 1600 quis?

190 1594 345 1671 Quis
388 1594 514 1661 nisi
560 1594 1034 1662 Callimachus?
1080 1597 1135 1663 si
1177 1596 1322 1683 plus
1367 1597 1708 1696 adposcere
1749 1598 1953 1682 visus,
2021 1609 2121 1663 ²00

192 1678 295 1745 Fit
337 1678 756 1745 Mimnermus
800 1682 863 1745 et
908 1679 1124 1766 optivo
1171 1701 1554 1769 cognomme
1599 1681 1846 1747 crescit.

190 1762 398 1829 Multa
439 1763 604 1847 sero,
647 1765 721 1829 ut
761 1764 1006 1850 placem
1049 1784 1254 1852 genus
1298 1764 1617 1832 ini-itabile
1661 1768 1910 1849 vatum,

191 1846 354 1915 Cum
400 1846 607 1913 scribo
652 1850 717 1914 et
759 1848 1026 1947 supplex
1068 1848 1290 1935 populi
1333 1849 1637 1936 suffragia
1679 1852 1895 1936 capto3

191 1931 370 1998 Idem
413 1931 610 1998 finitis
656 1930 882 1998 studiis
927 1936 992 1999 et
1031 1936 1246 2001 mente
1287 1934 1546 2019 recepta

192 2015 502 2084 Obturem
544 2015 798 2104 patulas
834 2016 1074 2104 inpune
1118 2017 1478 2106 legentibus
1508 2039 1709 2086 aures.
2023 2029 2118 2083 10⁶

191 2100 504 2168 Ridentur
545 2101 716 2166 mala
800 2102 865 2167 ui
911 2105 1285 2188 conponunt
1328 2103 1632 2169 carmina·
1680 2123 1896 2169 verum

192 2184 491 2253 Gaudent
533 2184 783 2251 scriben
851 2205 881 2251 s
927 2189 992 2252 et
1034 2206 1101 2252 se
1143 2189 1528 2253 venerantur
1570 2152 1637 2254 et
1676 2187 1877 2272 ultro,

193 2269 260 2336 Si
305 2273 547 2352 taceas,
592 2268 857 2336 laudant
898 2268 1050 2354 quid
1094 2271 1205 2336 uid
1249 2271 1557 2356 scripsere
1599 2269 1792 2337 beati.

193 2355 284 2420 At
327 2352 435 2439 qui
479 2353 538 2418 le
592 2352 837 2419 ‘timum
882 2353 1064 2439 cupie
1136 2354 1363 2421 fecisse
1405 2375 1665 2441 poema,

192 2437 356 2505 Cum
400 2436 554 2503 tabu
581 2437 635 2503 is
678 2436 960 2504 animum
1003 2439 1284 2505 censoris
1329 2442 1539 2505 sumet
1578 2438 1850 2505 honesti.
2024 2450 2123 2504 no

194 2520 504 2605 Audebit,
548 2541 979 2607 quacumque
1008 2542 1234 2608 parum
1265 2522 1624 2608 splendoris
1666 2522 1995 2589 habebunt

193 2605 281 2672 Et
309 2605 448 2672 sine
491 2604 772 2691 pondere
801 2607 988 2672 erunt
1015 2609 1081 2672 et
1119 2605 1365 2673 honore
1393 2605 1663 2694 indigna
1691 2607 1993 2690 ferentur,

193 2689 408 2756 Verba
449 2710 703 2756 movere
748 2689 921 2775 loco,
965 2690 1254 2775 quamvis
1298 2690 1502 2757 invita
1541 2690 1844 2757 recedant

191 2773 281 2840 Et
324 2776 653 2840 versentur
696 2772 903 2840 adhuc
944 2773 1114 2841 intra
1153 2774 1507 2860 penetralia
1548 2773 1813 2861 Vestae3

191 2857 553 2926 Obscurata
594 2857 702 2924 diu
745 2857 984 2944 populo
1027 2857 1234 2925 bonus
1278 2861 1458 2924 eruet
1498 2861 1687 2944 atque
2025 2869 2121 2924 ιιι

193 2941 485 3009 Proferet
526 2942 596 3007 in
638 2940 843 3008 lucem
888 2941 1175 3027 speciosa
1215 2941 1526 3009 vocabula
1567 2963 1777 3009 rerum

194 3025 369 3104 Quae
412 3025 639 3124 priscis
682 3027 1033 3092 memorata
1075 3023 1428 3093 Catonibus
1473 3029 1663 3112 atque
1694 2991 1992 3114 Cethegis

191 3109 385 3178 Nunc
429 3113 588 3176 situs
630 3110 923 3176 informis
965 3109 1202 3196 premit
1243 3113 1309 3176 et
1350 3110 1601 3178 deserta
1641 3114 1953 3200 vetustas3

194 3194 531 3261 Adsciscet
571 3215 768 3280 nova,
814 3214 975 3280 quae
1017 3194 1269 3282 genitor
1310 3194 1683 3296 produxerit
1723 3217 1895 3263 usus.

191 3277 472 3346 Vemens
518 3282 583 3345 et
623 3278 669 3345 li
715 3277 902 3344 uidus
943 3298 1228 3365 puroque
1271 3280 1634 3346 simillimus
1679 3280 1853 3346 amni
2024 3288 2123 3344 ιω

193 3361 446 3430 Fundet
487 3382 525 3429 o
573 3383 642 3430 es
777 3361 937 3429 tium
983 3383 1062 3430 ue
1104 3362 1323 3430 beabit
1364 3363 1558 3431 divite
1602 3364 1851 3451 lingua3

194 3445 516 3514 buxurian
545 3447 609 3514 ia
651 3383 1020 3534 conpescek
1064 3445 1256 3513 nimis
1303 3467 1529 3533 aspera
1572 3469 1729 3514 sano

196 3529 462 3598 Levabit
503 3532 707 3618 cultu,
751 3530 984 3599 virtute
1028 3530 1310 3598 carentia
1350 3531 1565 3618 tollet,

294 3631 552 3678 Eoum
1755 3637 1817 3688 ιε
