2588 4046
180 267 333 341 lm]

1009 269 1224 325 LIBER
1266 269 1310 326 I.

404 430 576 506 Quid
664 429 794 494 rius
838 430 1044 495 dicam
1089 431 1293 495 solitis
1337 432 1620 515 parentis

402 514 613 579 Laudi
658 536 761 598 us,
807 516 915 598 qui
958 536 1059 579 res
1101 514 1435 579 hominum
1479 537 1552 580 ac
1597 516 1888 598 deorum,

403 598 533 674 Qui
578 621 752 663 mare
795 620 869 663 ac
911 601 1112 663 terras
1154 600 1473 683 variisque
1518 600 1824 663 mundum

501 682 843 767 Temperat
884 682 1104 747 horis?

401 850 597 916 Unde
639 851 733 915 nil
775 852 979 915 maius
1023 853 1366 936 generatur
1409 851 1579 936 ipsc,

400 934 471 1000 N
475 957 548 999 ec
578 935 754 1019 viget
793 936 1131 1018 quicquam
1172 936 1380 1000 simile
1423 939 1533 1000 aut
1570 936 1931 1000 secundum.

401 1018 746 1083 Proximos
789 1019 887 1082 illi
920 1023 1146 1084 -tamen
1189 1020 1524 1103 occupavit

499 1103 717 1167 Pallas
758 1102 1068 1187 honores,

398 1272 677 1337 Proeliis
723 1272 929 1336 audax
933 1296 957 1369 3
1002 1293 1207 1369 neque
1251 1274 1316 1336 te
1362 1272 1588 1369 silebo,

397 1355 626 1438 Liber,
672 1358 737 1421 et
777 1377 983 1420 saevis
1025 1377 1285 1420 melca
1328 1376 1509 1441 virgo

401 1439 659 1524 Beluis,
703 1460 821 1504 nec
863 1441 958 1521 te,
1002 1439 1340 1504 metuende
1384 1443 1556 1504 certa

499 1522 758 1588 Phoebe
801 1524 1057 1608 sagitta.

393 1675 637 1741 Dicam
681 1677 747 1738 et
785 1674 1060 1740 Alciden
1101 1696 1457 1759 puerosque
1500 1676 1739 1760 Ledae,

396 1759 601 1824 Hunc
645 1758 852 1842 equis,
896 1757 1079 1823 illum
1122 1781 1420 1843 superare
1463 1761 1698 1845 pugnis

397 1842 739 1928 Nobilem;
787 1863 1056 1926 quorum
1099 1843 1290 1908 simul
1335 1844 1483 1908 alba
1523 1844 1735 1908 nautis

503 1926 705 1991 Stella
746 1926 1025 2012 refulsit,

398 2079 652 2145 Defluit
693 2079 860 2144 saxis
905 2079 1185 2164 agitatus
1227 2079 1489 2164 humor,

404 2163 780 2230 Concidunt
817 2165 995 2228 venti
1036 2165 1419 2263 fugiuntque
1461 2165 1694 2247 nubes,

399 2248 497 2313 Et
539 2248 783 2331 minax,
826 2251 867 2329 †
890 2269 1034 2311 cum
1078 2269 1169 2313 sic
1210 2250 1494 2332 voluere,
1538 2252 1739 2333 ponto

500 2330 694 2397 Vnda
735 2332 1064 2397 recumbit.

403 2483 758 2548 Romulum
799 2487 948 2568 post
989 2483 1108 2548 hos
1151 2483 1358 2568 prius,
1413 2505 1497 2548 an
1541 2483 1824 2567 quietum

406 2568 691 2665 Pompili
735 2590 1004 2653 regnum
1047 2588 1423 2651 memorem,
1470 2590 1554 2632 an
1598 2568 1903 2652 superbos

411 2650 546 2715 Tar
590 2651 725 2715 umi
766 2652 1000 2735 fasces,
1047 2652 1302 2736 dubito,
1350 2673 1434 2716 an
1479 2650 1744 2717 Catonis

573 2734 743 2800 obile
791 2736 1008 2801 letum.

408 2887 762 3056 ffiffilguuss
800 2891 865 2952 et
907 2886 1179 2953 Scauros
1223 2887 1598 2971 animaeque
1641 2910 1914 2974 magnae

804 2970 1097 3036 Paullum
1143 2975 1481 3055 superante
1525 2970 1741 3036 Poeno

409 3054 651 3120 Gratus
694 3055 934 3140 insigni
975 3057 1246 3121 referam
1290 3076 1554 3120 camena

506 3138 1010 3223 Fabriciumque.

404 3291 633 3388 Hunc,
678 3294 744 3355 et
784 3291 1125 3390 incomptis
1168 3290 1431 3390 Curium
1475 3291 1722 3375 capillis

403 3374 654 3441 Vtssem
696 3375 866 3439 bello
908 3376 1086 3459 tuht,
1133 3378 1199 3439 et
1241 3374 1581 3441 Camillum

404 3459 619 3526 Saeva
667 3462 1007 3544 paupertas
1053 3463 1118 3524 et
1160 3460 1368 3525 avitus
1415 3463 1552 3524 arto

506 3542 671 3608 Cum
715 3544 847 3609 lare
889 3543 1172 3630 fundus.]

2047 265 2120 327 11

2063 612 2123 660 15

2057 1116 2125 1165 20

2058 1690 2123 1739 25

2059 2178 2127 2227 30

2062 2667 2125 2714 35
