2588 4046
182 215 279 331 11.]⁸
996 255 1211 311 mssa
1252 255 1298 312 1.
2003 245 2119 310 131

186 419 481 486 Candida
515 420 812 502 rectaque
857 419 969 502 sit,
1013 417 1251 482 munda
1290 418 1599 565 hacltenus
1612 466 1630 501 ,
1675 419 1749 482 ut
1788 435 1994 498 neque

1435 523 1521 566 on
1568 522 1606 565 a

182 589 324 655 Nec
367 610 435 654 m
529 588 542 602 ”
623 587 768 651 alba
810 587 993 669 velit,
1042 608 1233 670 quam
1277 586 1387 651 dat
1427 524 1686 669 mgna,
1731 583 1948 649 videri.

182 674 394 757 Haec,
440 695 484 737 u
528 671 552 735 i
594 671 931 755 supposuit
973 670 1193 735 dextro
1238 691 1467 754 corpus
1511 669 1670 734 mihi
1711 670 1988 750 laevum,
2023 678 2118 727 125

182 758 305 822 Ilia
350 763 417 821 et
456 755 786 840 Egeriast;
833 754 912 819 do
956 775 1194 820 nomen
1236 754 1563 838 quodlibet
1604 753 1728 836 illi,

182 842 326 908 Nec
369 861 620 922 vereor,
663 860 776 923 ne,
820 838 972 903 dum
1014 838 1228 921 futuo,
1271 839 1371 902 vir
1411 859 1556 903 rure
1598 839 1910 920 recurrat,

182 926 390 990 Ianua
434 924 795 1007 frangatur,
842 923 1033 988 latret
1076 922 1249 987 canis
1261 970 1280 1006 ,
1324 922 1479 987 undi
1523 942 1602 986 ue
1644 942 1879 1005 magno

182 1010 386 1074 Pulsa
431 1007 654 1072 domus
697 1006 970 1090 strepitu
1012 1008 1299 1090 resonet,
1344 1027 1503 1089 vepa
1529 1005 1659 1068 lida
1700 1005 1865 1069 lecto

185 1092 464 1158 Desiliat
504 1091 758 1175 mulier,
802 1091 1099 1156 miseram
1143 1111 1209 1154 se
1254 1089 1510 1154 conscia
1553 1088 1811 1172 clamet,
2024 1103 2119 1151 130

185 1176 497 1243 Cruribus
540 1174 698 1239 haec
725 1178 999 1258 metuat,
1047 1175 1181 1239 doti
1212 1173 1553 1257 deprensa,
1600 1176 1855 1259 egomet
1881 1175 1990 1239 mi.

184 1261 524 1326 Discincta
563 1260 781 1323 tunica
822 1258 1261 1344 fugiendumst
1302 1278 1376 1323 ac
1418 1258 1579 1341 pede
1620 1257 1793 1323 nudo
1805 1307 1825 1342 ,

184 1344 286 1410 Ne
330 1343 580 1408 nummi
622 1346 887 1426 pereant
929 1345 1038 1407 aut
1124 1364 1252 1427 uga
1296 1344 1405 1407 aut
1448 1343 1718 1426 denique
1760 1341 1947 1408 fama.

185 1428 517 1514 Deprendi
558 1428 947 1493 miserumst:
1000 1426 1093 1492 Fa
1137 1427 1200 1490 io
1244 1426 1348 1490 vel
1388 1425 1597 1492 iudice
1637 1426 1906 1492 vincam.

1082 1716 1210 1791 III.

188 1852 504 1920 Omnibus
546 1850 671 1915 hoc
713 1850 1002 1914 vitiumst
1044 1849 1438 1932 cantoribus,
1482 1848 1651 1914 inter
1694 1850 1931 1916 amicos

186 1937 277 2001 Vt
319 1956 667 2019 numquam
709 1933 1016 1998 inducant
1057 1932 1340 1998 animum
1384 1936 1639 1999 cantare
1682 1936 1921 2020 rogati,

187 2020 425 2087 Iniussi
466 2040 813 2103 numquam
857 2017 1186 2083 desistant.
1278 2016 1514 2084 Sardus
1558 2017 1834 2084 habebat

185 2106 306 2171 Ille
350 2104 661 2189 Tigellius
703 2102 857 2167 hoc:
915 2101 1177 2187 Caesar,
1222 2103 1333 2200 qui
1376 2122 1605 2187 cogere
1645 2107 1896 2188 posset,

189 2191 257 2256 Si
295 2192 549 2287 peteret
571 2209 687 2272 per
714 2186 1057 2251 amicitiam
1084 2188 1286 2271 patris
1317 2189 1506 2270 atque
1536 2208 1715 2252 suam
1726 2237 1745 2273 ,
1788 2210 1924 2253 non
2087 2199 2120 2250 5

189 2274 546 2356 Quicquam
588 2271 952 2356 proficeret3
999 2270 1056 2335 si
1099 2270 1540 2355 conlibuisset,
1586 2272 1668 2336 ab
1714 2293 1832 2336 ovo

187 2357 405 2442 Vsque
449 2356 529 2421 ad
557 2356 726 2420 mala
772 2355 999 2420 citaret
1053 2354 1138 2419 ‘io
1168 2354 1482 2420 Bacchae’
1513 2356 1705 2421 modo
1750 2377 1996 2420 summa

186 2441 383 2526 Voce,
407 2440 596 2506 modo
619 2439 759 2523 hac,
789 2442 1049 2504 resonat
1078 2460 1238 2522 quae
1262 2438 1516 2505 chordis
1548 2443 1818 2523 quatuor
1846 2440 1991 2505 ima.

186 2525 300 2592 Nil
345 2525 609 2609 aequale
649 2523 897 2589 homini
939 2522 1063 2588 fuit
1104 2523 1232 2588 illi:
1278 2544 1467 2607 saepe
1508 2524 1686 2590 velut
1728 2525 1835 2608 qui

190 2610 500 2677 Currebat
541 2608 796 2694 fug-iens
839 2607 1123 2691 hostem,
1167 2628 1473 2691 persaepe
1516 2609 1690 2673 velut
1733 2609 1842 2692 qui
2059 2620 2122 2672 ιο

188 2694 455 2759 Iunonis
501 2713 681 2757 sacra
723 2693 945 2777 ferret-3
990 2691 1268 2757 habebat
1311 2713 1498 2775 saepe
1542 2692 1880 2775 ducentos,

189 2778 392 2863 Saepe
423 2778 641 2843 decem
671 2797 920 2861 servos;
951 2776 1140 2841 modo
1171 2797 1356 2860 reges
1387 2778 1576 2860 atque
1603 2776 1988 2861 tetrarchas,

190 2862 425 2929 Omnia
489 2882 725 2946 magna
781 2861 1078 2944 loquens,
1143 2860 1336 2925 modo
1395 2861 1507 2925 ‘sit
1558 2860 1718 2925 mihi
1770 2882 1995 2926 mensa

1406 2945 1491 3009 tri
1539 2967 1605 3010 es
1652 2948 1716 3011 et

188 3030 454 3098 Concha
484 3030 635 3095 salis
675 3030 821 3114 puri
852 3031 919 3094 et
959 3031 1114 3114 toga
1187 3050 1348 3113 quae
1378 2967 1715 3095 defgndere
1756 3030 1961 3116 frigus
1974 3079 1992 3112 ,

188 3114 492 3192 Quamvis
523 3135 762 3198 crassa,
794 3116 1027 3198 queat.’
1092 3078 1369 3179 ficciens
1412 3117 1683 3178 centena
1711 3114 1989 3180 dedisses
2058 3126 2118 3176 15

185 3199 353 3265 Huic
396 3219 625 3283 parco,
667 3198 886 3282 paucis
932 3200 1265 3263 contento:
1313 3197 1590 3282 quinque
1635 3198 1857 3266 diebus

186 3283 296 3349 Nil
340 3286 478 3349 erat
519 3283 592 3347 in
634 3282 878 3348 loculis.
940 3281 1182 3347 Noctes
1226 3281 1535 3367 vigilabat
1577 3283 1658 3347 ad
1700 3285 1911 3368 ipsum

186 3368 406 3452 Mane,
453 3367 623 3432 diem
666 3369 872 3431 totum
916 3365 1241 3431 stertebat.
1331 3366 1446 3432 Nil
1487 3367 1611 3432 fuit
1651 3389 1953 3466 umquam

189 3450 290 3518 Sic
319 3454 509 3536 inpar
539 3451 684 3516 sibi.
753 3450 943 3516 Nunc
974 3450 1201 3534 aliquis
1246 3450 1417 3515 dicat
1457 3451 1616 3516 mihi
1659 3452 1835 3537 ‘quid
1878 3452 1992 3517 tu?

185 3535 462 3605 Nullane
485 3535 685 3601 habes
708 3535 929 3600 vitiaP’
956 3534 1162 3600 Immo
1188 3535 1330 3621 alia,
1351 3538 1414 3599 et
1435 3535 1705 3601 fortasse
1729 3537 1998 3602 minora.
2055 3548 2120 3597 20

1746 3639 1814 3691 9·
