2588 4046
509 187 629 252 146
1251 190 1675 247 SATIRARVM
2269 187 2395 262 [vn.

1383 390 1543 465 VH.

629 522 979 606 Proscripti
1020 522 1218 607 Regis
1261 521 1481 606 Rupili
1568 542 1643 585 us
1687 523 1876 606 atque
1919 542 2227 587 venenum

628 606 918 691 Hybrida
959 627 1084 691 quo
1125 608 1316 703 pacto
1363 605 1448 670 sit
1543 606 1742 670 ersius
1785 607 1956 671 ultus
1969 657 1988 691 ,
2034 607 2253 691 opinor

631 691 944 756 Omnibus
988 692 1052 755 et
1094 690 1286 774 hppis
1329 692 1555 753 notum
1600 693 1664 754 et
1704 691 2072 755 tonsoribus
2116 710 2263 755 esse.

627 774 882 840 Persius
924 774 1030 839 hic
1071 794 1422 859 permagna
1463 774 1729 859 negotia
1769 774 1943 839 dives
1986 774 2257 839 habebat

499 872 534 921 5
630 858 1059 942 ClazomeniS,
1105 859 1297 922 etiam
1340 858 1486 923 lites
1531 879 1673 923 cum
1717 857 1895 944 Rege
1936 859 2264 940 molestaS,

627 942 843 1008 Durus
884 941 1077 1007 homo
1109 963 1149 1005 a
1218 962 1299 1006 ue
1330 942 1474 1007 odio
1507 943 1616 1025 qui
1643 946 1863 1027 posset
1881 944 2132 1016 vinoere
2156 941 2403 1026 Regem,

630 1027 972 1094 Confidens
1014 1026 1177 1090 tumi
1220 1047 1453 1110 usque,
1499 1026 1656 1091 adeo
1702 1027 2011 1094 sermonis
2056 1026 2298 1109 amari,

629 1110 961 1195 Sisennas,
1006 1110 1242 1175 Barros
1287 1114 1361 1174 ut
1402 1111 1580 1195 equis
1623 1113 2056 1195 praecurreret
2097 1110 2276 1175 albis,

628 1195 733 1260 Ad
754 1195 1006 1280 Regem
1038 1194 1245 1260 redeo,
1312 1194 1662 1279 Postquam
1689 1195 1855 1260 nihil
1896 1196 2064 1260 inter
2090 1198 2407 1277 utrumfflxe

506 1292 568 1342 ιο
636 1279 955 1345 Convenit
999 1278 1148 1365 (hoc
1192 1279 1429 1343 etenim
1473 1282 1622 1344 sunt
1658 1300 1877 1344 omnes
1920 1280 2058 1343 iure
2098 1278 2372 1360 molesti,

629 1364 768 1439 Quo
798 1363 1025 1447 forteS,
1073 1363 1302 1447 quibus
1332 1363 1666 1429 adversum
1697 1364 1936 1428 bellum
1961 1363 2219 1428 incidit:
2261 1362 2409 1425 inter

627 1447 907 1512 Hectora
925 1447 1289 1512 Priamiden
1319 1448 1677 1513 animosum
1705 1451 1893 1531 atque
1922 1449 2088 1512 inter
2107 1446 2409 1512 Achillem

626 1531 735 1596 Ira
775 1532 899 1596 fuit
942 1532 1260 1615 capitalis,
1307 1534 1380 1596 ut
1420 1532 1649 1597 ultima
1693 1532 2001 1597 divideret
2042 1552 2247 1615 mors,

626 1616 780 1683 Non
808 1616 1001 1681 aliam
1029 1615 1112 1681 ob
1143 1637 1430 1700 causam,
1472 1616 1600 1680 nisi
1635 1616 1805 1713 quod
1833 1616 2032 1680 virtus
2062 1616 2132 1680 in
2161 1618 2410 1697 utroque

505 1712 566 1763 ιδ
633 1700 895 1766 Summa
936 1700 1087 1785 fuit3
1134 1700 1256 1765 duo
1302 1700 1358 1765 si
1403 1699 1717 1764 discordia
1757 1704 1943 1765 vexet
1982 1700 2221 1764 inertes

625 1786 761 1849 Aut
803 1786 858 1850 si
879 1784 1258 1868 disparibus
1304 1784 1542 1849 bellum
1585 1784 1854 1868 incidat,
1899 1787 1972 1849 ut
2012 1782 2311 1848 Diomedi

629 1867 791 1934 Cum
832 1868 1027 1951 Lycio
1075 1868 1315 1933 Glauco
1393 1868 1676 1933 discedat
1716 1869 1988 1954 pigrior,
2033 1868 2204 1932 ultro

625 1952 997 2017 Muneribus
1039 1952 1303 2038 missis)=
1325 1917 1526 2017 Bruto
1569 1955 1862 2037 praetore
1904 1955 2168 2017 tenente

625 2036 843 2102 Ditem
875 2037 1129 2121 Asiam,
1171 2037 1389 2121 Rupili
1419 2039 1483 2101 et
1510 2036 1689 2102 Persi
1717 2059 1835 2122 par
1861 2060 1950 2122 pu
2044 2040 2139 2121 at,
2173 2038 2268 2102 uti
2295 2057 2415 2101 non

496 2133 567 2184 20
626 2120 1047 2206 Conpositum
1090 2121 1315 2185 melius
1361 2142 1506 2185 cum
1547 2120 1741 2186 Bitho
1785 2121 1954 2186 Bacc
2006 2122 2118 2186 ‘us.
2209 2123 2287 2185 In
2327 2121 2413 2184 ius

623 2206 824 2270 Acres
867 2208 1275 2289 procurrunt,
1321 2226 1627 2290 magnum
1671 2206 2101 2289 spectaculum
2143 2208 2413 2289 uterque.

623 2288 877 2354 Persius
922 2290 1184 2372 exponit
1226 2309 1509 2374 causam3
1554 2289 1794 2354 ridetur
1838 2290 1918 2354 ab
1964 2291 2142 2355 omni

625 2371 987 2457 Conventu3
1033 2372 1252 2437 laudat
1292 2371 1566 2437 Brutum
1609 2373 1950 2457 laudatque
1995 2374 2353 2439 cohortem:

625 2456 839 2522 Solem
880 2457 1073 2521 Asiae
1115 2455 1387 2520 Brutum
1428 2458 1707 2540 appellat
1756 2459 2096 2543 stellasque
2143 2458 2416 2523 salubres

495 2553 562 2603 86
627 2541 933 2639 Appellat
976 2543 1267 2624 comites,
1314 2545 1578 2626 excepto
1621 2540 1827 2628 Rege3
1874 2541 2114 2608 Canem
2158 2543 2369 2625 illum,

622 2624 909 2690 Inv1sum
953 2625 1251 2709 agricolis
1296 2624 1470 2689 sidus
1545 2627 1813 2692 venisse,
1900 2627 2153 2692 Ruebat

620 2708 893 2774 Flumen
933 2711 1007 2773 ut
1046 2708 1385 2774 hibernum
1458 2675 1660 2774 fertur
1703 2732 1828 2794 quo
1870 2733 2017 2775 rara
2060 2711 2318 2776 securis·

621 2793 785 2857 Tum
827 2792 1277 2858 Praenestinus
1323 2758 1489 2858 salso
1537 2795 1864 2878 multoque
1905 2795 2128 2860 fluenti

619 2877 939 2961 Expressa
982 2877 1240 2942 arbusto
1283 2878 1523 2963 regerit
1562 2880 1868 2963 convitia,
1914 2879 2104 2944 durus

491 2973 561 3027 30
622 2960 1063 3026 Vindemiator
1106 2965 1171 3026 et
1212 2961 1488 3026 invictus
1498 3012 1517 3046 ,
1564 2963 1664 3027 cui
1708 2985 1896 3048 saepe
1938 2963 2146 3027 viator

623 3044 936 3111 Cessisset
975 3066 1212 3130 magna
1255 3046 1626 3131 conpellans
1670 3068 1823 3112 voce
1868 3047 2177 3112 cuculum.

621 3129 712 3192 At
756 3128 1032 3194 Graecus
1107 3133 1510 3214 postquamst
1550 3132 1712 3196 Italo
1754 3132 2047 3215 perfusus
2092 3132 2304 3215 aceto,

619 3213 875 3277 Persius
922 3234 1035 3278 exc
1062 3216 1262 3279 amat:
1323 3222 1460 3300 ‘per
1501 3236 1773 3301 magnos
1783 3252 1809 3299 5
1846 3214 2070 3299 Brute,
2117 3214 2271 3279 deos
2314 3217 2379 3278 te

621 3296 780 3380 Oro,
869 3298 937 3361 ui
980 3318 1166 3383 reges
1212 3300 1538 3365 consueris
1582 3300 1804 3364 tollere
1880 3320 1992 3364 cur
2032 3320 2165 3363 non

488 3392 558 3442 36
623 3380 814 3444 Hunc
829 3318 1085 3467 (liegem
1123 3383 1422 3468 iugulas?
1497 3382 1776 3533 Operussn
1815 3348 1970 3467 hoc,
1993 3382 2172 3531 ¹²mihi
2201 3380 2411 3464 crede,

1011 3498 1032 3523 ο
1735 3488 1991 3533 uorums
