2588 4046
174 263 333 337 vnn]
891 262 1103 318 mess
1147 261 1244 329 111,
1956 250 2036 316 63

268 424 380 489 ‘Me
417 428 611 490 torret
658 426 797 490 face
839 428 1062 489 mutua

337 509 590 574 Thurini
636 509 848 575 Calais
893 508 1060 572 filius
1108 507 1365 591 Ornyti,

262 592 373 657 Pro
415 615 535 677 quo
578 594 677 658 bis
721 593 927 677 patiar
968 592 1159 675 mori,
1980 600 2037 648 15

338 676 399 742 Si
439 681 702 761 parcent
742 696 940 762 puero
982 677 1119 740 fata
1162 673 1533 758 superstiti?

266 794 434 870 ‘Quid
477 796 532 860 si
574 795 786 879 prisca
826 793 993 858 redii,
1032 792 1251 858 Venus

335 878 760 962 Diductosque
802 878 955 962 iugo
1001 876 1176 961 cogiss
1218 874 1506 940 aheneo?

163 1034 168 1039 .
267 961 325 1026 Si
360 963 519 1028 flava
564 963 876 1028 excutitur
920 960 1121 1026 Chloe

337 1045 749 1130 Reiectaeque
792 1047 972 1130 patet
1012 1045 1206 1108 ianua
1247 1042 1485 1126 Lydiae
1497 1041 1556 1105 ‘P'
1975 1052 2041 1101 20

269 1163 669 1248 ‘Quamquam
713 1163 916 1228 sidere
957 1160 1283 1247 pulchrior

338 1246 539 1331 Inest,
584 1251 656 1312 tu
698 1248 900 1312 levior
943 1246 1176 1311 cortice
1221 1248 1286 1309 et
1327 1244 1598 1327 inprobo

267 1330 619 1397 Iracundior
659 1331 930 1396 Hadria:

339 1415 567 1481 Tecum
609 1417 819 1480 vivere
862 1435 1097 1497 amem,
1142 1415 1355 1478 tecum
1399 1412 1624 1477 obeam
1668 1410 1929 1475 libensl'

1041 1638 1132 1712 X.

269 1750 622 1819 Extremum
664 1751 915 1816 Tanain
957 1752 1012 1816 si
1055 1751 1333 1834 biberes,
1379 1750 1577 1833 Lyce,

271 1834 453 1902 Saevo
497 1839 701 1921 nupta
743 1835 907 1919 vire,
951 1836 1053 1900 me
1095 1838 1315 1900 tamen
1359 1854 1613 1917 asperas

341 1920 707 1986 Porrectum
750 1922 897 1984 ante
939 1920 1110 1984 fores
1156 1919 1407 1984 obicere
1450 1916 1678 1980 incolis

430 2005 720 2070 Plorares
762 2004 1208 2088 Aquilonibus.

269 2123 487 2208 Audis,
531 2143 656 2271 quo
702 2122 968 2206 strepitu
1010 2122 1230 2206 ianua,
1276 2141 1401 2204 quo
1444 2140 1668 2217 nemus
2015 2128 2047 2178 5

269 2204 433 2272 Inter
472 2230 560 2291 pu
588 2206 740 2272 chra
782 2208 992 2270 satum
1033 2208 1203 2271 tecta
1243 2206 1562 2289 remug1at

343 2290 566 2356 Ventis
577 2341 596 2375 ,
643 2294 708 2355 et
747 2290 990 2375 positas
1033 2293 1107 2355 ut
1147 2289 1384 2375 glaciet
1424 2288 1602 2352 nives

432 2376 600 2440 Puro
643 2375 906 2440 numine
947 2373 1274 2458 Iuppiter?

272 2490 586 2578 Ingratum
627 2490 864 2557 Veneri
905 2510 1073 2574 pone
1116 2491 1508 2573 superbiam,

274 2574 363 2640 Ne
404 2578 694 2641 currente
735 2578 907 2640 retro
951 2574 1122 2640 funis
1167 2577 1271 2639 eat
1312 2577 1483 2638 rota:
1989 2581 2052 2632 ιο

348 2659 496 2726 Non
534 2662 599 2724 te
643 2659 1013 2743 Penelopen
1056 2658 1380 2723 difficilem
1423 2657 1632 2741 procis

436 2743 796 2827 Tyrrhenus
838 2744 1063 2828 genuit
1101 2764 1353 2826 parens.

278 2860 326 2923 Ο
369 2861 646 2944 quamvis
688 2881 893 2944 neque
936 2863 1000 2925 te
1042 2881 1309 2924 munera
1350 2880 1468 2923 nec
1509 2877 1728 2942 preces

279 2942 406 3009 Nec
445 2945 681 3010 tinctus
723 2945 893 3009 viola
934 2944 1140 3030 pallor
1185 2943 1537 3008 amantium

355 3027 485 3094 Nec
528 3029 626 3094 vir
667 3027 878 3093 Pieria
902 3028 1134 3109 paelice
1166 3028 1415 3093 saucius
1994 3034 2054 3083 15

444 3112 706 3198 Curvat3
755 3112 1146 3196 supplicibus
1188 3113 1317 3177 tuis

281 3227 495 3295 Parcas
568 3251 688 3295 nec
729 3229 942 3315 rigida
981 3229 1235 3295 mollior
1279 3230 1531 3295 aesculo

284 3310 409 3378 Nec
447 3280 683 3379 M'auris
730 3314 1015 3379 animum
1056 3315 1273 3378 mitior
1316 3313 1650 3399 anguibus.

360 3396 501 3464 Non
541 3399 665 3464 hoc
710 3419 961 3482 semper
1006 3399 1126 3463 erit
1168 3398 1407 3463 liminis
1453 3400 1562 3461 aut
1610 3415 1809 3478 aquae

445 3481 750 3550 Caelestis
795 3482 1046 3566 patiens
1090 3483 1277 3547 latus.
1991 3492 2057 3539 20
