2588 4046
434 245 557 310 110

434 594 493 642 15

429 1011 494 1062 20

427 1432 491 1480 25

426 1851 492 1899 30

419 3530 486 3580 50

1246 247 1542 304 EPODON

638 412 717 476 In
762 412 884 476 ube
927 432 1002 476 co
1080 433 1188 494 us,
1234 411 1418 493 quale
1461 413 1679 494 posset
1719 411 1894 495 inpia

803 496 984 560 ollire
1082 495 1345 560 hracum
1387 498 1673 579 pectora3

644 579 939 663 Canidia,
982 579 1280 644 brevibus
1325 578 1631 662 inplicata
1671 578 1903 662 viperis

732 662 956 729 Orines
1001 667 1066 728 et
1107 662 1505 746 incomptum
1549 665 1741 746 caput
1757 711 1775 745 ,

637 747 825 813 Iubet
867 747 1172 831 sepulcris
1216 747 1547 831 caprificos
1591 750 1803 811 erutas
1814 794 1833 829 ‚

730 831 917 896 Iubet
967 852 1300 915 cupressus
1343 830 1643 896 funebres

636 915 725 981 Et
764 918 959 980 uncta
1007 914 1210 1000 turpis
1255 936 1377 979 ova
1416 935 1610 979 ranae
1653 913 1963 999 sanguine

733 998 1144 1083 Plumamque
1187 1002 1536 1063 nocturnae
1580 999 1796 1083 strigis

635 1082 1008 1167 Herbasque
1020 1132 1039 1167 ‚
1085 1105 1239 1167 quas
1284 1083 1495 1148 Iolcos
1539 1084 1728 1166 atque
1770 1081 2037 1146 Hiberia

730 1167 933 1231 Mittit
973 1188 1364 1232 venenorum
1407 1168 1612 1249 ferax,

638 1251 727 1316 Et
768 1271 913 1315 ossa
954 1252 1036 1316 ab
1079 1272 1187 1316 ore
1229 1273 1303 1315 ra
1347 1253 1415 1314 ta
1458 1251 1704 1314 ieiunae
1748 1250 1922 1314 canis

730 1334 1036 1400 Flammis
1080 1335 1258 1400 aduri
1357 1334 1641 1399 olchiciS.

642 1420 735 1483 At
778 1419 1071 1503 expedita
1114 1419 1394 1505 Sagana,
1438 1439 1553 1502 per
1593 1421 1798 1482 totam
1841 1417 2101 1483 domum

733 1502 1052 1589 Spargens
1096 1503 1448 1568 Avernales
1492 1523 1719 1586 aquas,

636 1586 872 1651 Horret
914 1587 1160 1672 capillis
1203 1590 1275 1652 ut
1317 1586 1598 1651 marinus
1643 1586 1881 1670 asperis

727 1670 1012 1736 Echinus
1056 1674 1167 1735 aut
1206 1671 1489 1735 Laurens
1532 1692 1703 1754 aper.

635 1753 885 1819 Abacta
926 1755 1104 1819 nulla
1145 1754 1309 1819 Veia
1352 1755 1740 1820 conscientia

730 1838 1083 1923 Ligonibus
1127 1839 1300 1904 (luris
1343 1838 1618 1903 humum'

634 1921 1095 2007 Exhauriebat,
1142 1922 1473 2008 ingemens
1516 1923 1870 2005 laboribus,

730 2005 869 2083 Quo
958 2011 1129 2073 osset
1169 2007 1450 2072 infossus
1499 2029 1658 2091 puer

634 2090 860 2176 Longo
955 2092 1007 2156 'e
1049 2092 1149 2157 bis
1192 2095 1413 2176 terque
1455 2094 1733 2156 mutatae
1777 2092 1957 2175 dapis

726 2174 1006 2240 Inemori
1050 2177 1442 2260 spectaculo,

640 2257 803 2323 Cum
845 2260 1235 2344 promineret
1263 2281 1400 2343 ore,
1447 2263 1754 2343 quantum
1783 2261 2035 2324 exstant
2079 2282 2262 2344 aqua

727 2342 1047 2428 Suspensa
1087 2346 1305 2408 mento
1350 2364 1641 2427 corpora:

631 2426 912 2492 Exsucta
950 2428 1045 2493 uti
1086 2427 1367 2492 medulla
1408 2430 1473 2491 et
1514 2427 1758 2492 aridum
1800 2427 1973 2492 iecur

725 2511 982 2576 Amoris
1027 2514 1193 2576 esset
1232 2511 1562 2596 poculum,

632 2594 1052 2660 Interminato
1097 2617 1242 2660 cum
1285 2596 1482 2659 semel
1524 2595 1686 2659 fixae
1730 2595 1869 2659 cibo

725 2678 1162 2744 Intabuissent
1201 2680 1500 2764 pupulae.

630 2762 784 2830 Non
827 2763 1101 2829 defuisse
1143 2765 1463 2829 masculae
1506 2761 1787 2828 libidinis

723 2848 1195 2912 Ariminensem
1236 2848 1517 2931 Foliam,

629 2930 719 2996 Et
760 2933 967 2997 otiosa
1008 2931 1275 2997 credidit
1316 2931 1624 3016 Neapolis

721 3015 811 3079 Et
853 3037 1042 3080 omne
1083 3016 1365 3081 vicinum
1408 3015 1712 3099 oppidum

631 3099 804 3175 Quae
848 3099 1056 3164 sidera
1098 3102 1428 3165 excantata
1470 3120 1624 3164 voce
1667 3061 1972 3163 Tliessala

724 3183 1096 3268 Lunamque
1139 3185 1313 3249 caelo
1360 3183 1608 3267 deripit.

631 3266 756 3332 Hic
798 3268 1181 3333 inresectum
1226 3289 1414 3332 saeva
1456 3268 1645 3333 dente
1687 3267 1882 3333 livido

725 3350 993 3417 Canidia
1033 3352 1265 3416 rodens
1355 3351 1607 3416 ollicem

630 3434 796 3510 Quid
840 3435 999 3500 dixit
1042 3440 1154 3500 aut
1195 3436 1305 3520 qui
1389 3400 1636 3501 tacuit‘ff
1703 3434 1781 3500 εΟ
1811 3433 2002 3499 rebus
2046 3434 2220 3501 meis

719 3518 871 3583 Non
914 3520 1200 3584 infideles
1245 3519 1552 3604 arbitrae,
