<?xml version="1.0" encoding="UTF-8"?>
<!DOCTYPE html PUBLIC "-//W3C//DTD XHTML 1.0 Transitional//EN"
    "http://www.w3.org/TR/xhtml1/DTD/xhtml1-transitional.dtd">
<html xmlns="http://www.w3.org/1999/xhtml" xml:lang="en" lang="en">
 <head>
  <title>
</title>
<meta http-equiv="Content-Type" content="text/html;charset=utf-8" />
  <meta name='ocr-system' content='tesseract 3.04.00' />
  <meta name='ocr-capabilities' content='ocr_page ocr_carea ocr_par ocr_line ocrx_word'/>
</head>
<body>
  <div class='ocr_page' id='page_1' title='image "./qvaleriicatulli03catugoog_0521.png"; bbox 0 0 2588 4046; ppageno 0'>
   <div class='ocr_carea' id='block_1_1' title="bbox 217 233 2143 314">
    <p class='ocr_par' dir='ltr' id='par_1_1' title="bbox 217 233 2143 314">
     <span class='ocr_line' id='line_1_1' title="bbox 217 233 2143 314; baseline 0.002 -17"><span class='ocrx_word' id='word_1_1' title='bbox 217 242 310 314; x_wconf 82' lang='lat' dir='ltr'><strong>[L]</strong></span> <span class='ocrx_word' id='word_1_2' title='bbox 998 240 1214 294; x_wconf 72' lang='grc' dir='ltr'>ΜΒΕΒ</span> <span class='ocrx_word' id='word_1_3' title='bbox 1257 240 1326 296; x_wconf 90' lang='lat'><strong>11.</strong></span> <span class='ocrx_word' id='word_1_4' title='bbox 2020 233 2143 300; x_wconf 80' lang='lat'><strong>227</strong></span> 
     </span>
    </p>
   </div>
   <div class='ocr_carea' id='block_1_2' title="bbox 214 401 2150 3668">
    <p class='ocr_par' dir='ltr' id='par_1_2' title="bbox 214 401 2149 3349">
     <span class='ocr_line' id='line_1_2' title="bbox 217 401 2019 487; baseline 0 -20"><span class='ocrx_word' id='word_1_5' title='bbox 217 404 306 468; x_wconf 88' lang='lat' dir='ltr'><strong>Te</strong></span> <span class='ocrx_word' id='word_1_6' title='bbox 350 402 681 467; x_wconf 86' lang='lat' dir='ltr'><strong>dominum</strong></span> <span class='ocrx_word' id='word_1_7' title='bbox 710 402 923 467; x_wconf 87' lang='lat' dir='ltr'><strong>sentit.</strong></span> <span class='ocrx_word' id='word_1_8' title='bbox 998 401 1132 465; x_wconf 88' lang='lat' dir='ltr'><strong>Das</strong></span> <span class='ocrx_word' id='word_1_9' title='bbox 1165 422 1489 485; x_wconf 90' lang='lat' dir='ltr'><strong>nummos,</strong></span> <span class='ocrx_word' id='word_1_10' title='bbox 1536 403 1667 466; x_wconf 89' lang='lat' dir='ltr'><strong>acci</strong></span> <span class='ocrx_word' id='word_1_11' title='bbox 1715 402 1770 466; x_wconf 85' lang='lat' dir='ltr'><strong>is</strong></span> <span class='ocrx_word' id='word_1_12' title='bbox 1800 424 2019 487; x_wconf 84' lang='lat' dir='ltr'><strong>uvam,</strong></span> 
     </span>
     <span class='ocr_line' id='line_1_3' title="bbox 214 486 1906 570; baseline -0.001 -18"><span class='ocrx_word' id='word_1_13' title='bbox 214 488 435 553; x_wconf 88' lang='lat' dir='ltr'><strong>Pullos</strong></span> <span class='ocrx_word' id='word_1_14' title='bbox 445 536 465 570; x_wconf 94' lang='lat'><strong>,</strong></span> <span class='ocrx_word' id='word_1_15' title='bbox 512 508 662 570; x_wconf 85' lang='lat' dir='ltr'><strong>ova,</strong></span> <span class='ocrx_word' id='word_1_16' title='bbox 707 486 933 551; x_wconf 90' lang='lat' dir='ltr'><strong>cadum</strong></span> <span class='ocrx_word' id='word_1_17' title='bbox 976 487 1225 551; x_wconf 82' lang='lat' dir='ltr'><strong>temeti:</strong></span> <span class='ocrx_word' id='word_1_18' title='bbox 1270 508 1501 569; x_wconf 83' lang='lat' dir='ltr'><strong>nempe</strong></span> <span class='ocrx_word' id='word_1_19' title='bbox 1545 508 1650 550; x_wconf 92' lang='lat' dir='ltr'><strong>mo</strong></span> <span class='ocrx_word' id='word_1_20' title='bbox 1698 507 1736 551; x_wconf 95' lang='lat' dir='ltr'><strong>o</strong></span> <span class='ocrx_word' id='word_1_21' title='bbox 1777 487 1906 551; x_wconf 84' lang='lat' dir='ltr'><strong>isto</strong></span> 
     </span>
     <span class='ocr_line' id='line_1_4' title="bbox 216 570 1871 655; baseline -0.001 -19"><span class='ocrx_word' id='word_1_22' title='bbox 216 571 562 637; x_wconf 74' lang='lat' dir='ltr'><strong>Paullatim</strong></span> <span class='ocrx_word' id='word_1_23' title='bbox 605 570 905 635; x_wconf 85' lang='lat' dir='ltr'><strong>mercaris</strong></span> <span class='ocrx_word' id='word_1_24' title='bbox 951 591 1209 655; x_wconf 89' lang='lat' dir='ltr'><strong>agrum,</strong></span> <span class='ocrx_word' id='word_1_25' title='bbox 1254 570 1527 634; x_wconf 87' lang='lat' dir='ltr'><strong>fortasse</strong></span> <span class='ocrx_word' id='word_1_26' title='bbox 1570 571 1871 635; x_wconf 76' lang='lat' dir='ltr'><strong>trecentis</strong></span> 
     </span>
     <span class='ocr_line' id='line_1_5' title="bbox 216 655 2147 738; baseline -0.002 -18"><span class='ocrx_word' id='word_1_27' title='bbox 216 658 350 720; x_wconf 83' lang='lat' dir='ltr'><strong>Aut</strong></span> <span class='ocrx_word' id='word_1_28' title='bbox 394 656 588 720; x_wconf 87' lang='lat' dir='ltr'><strong>etiam</strong></span> <span class='ocrx_word' id='word_1_29' title='bbox 631 676 823 738; x_wconf 90' lang='lat' dir='ltr'><strong>supra</strong></span> <span class='ocrx_word' id='word_1_30' title='bbox 863 676 1270 719; x_wconf 89' lang='lat' dir='ltr'><strong>nummorum</strong></span> <span class='ocrx_word' id='word_1_31' title='bbox 1312 655 1570 719; x_wconf 82' lang='lat' dir='ltr'><strong>milibus</strong></span> <span class='ocrx_word' id='word_1_32' title='bbox 1616 676 1715 719; x_wconf 92' lang='lat' dir='ltr'><strong>em</strong></span> <span class='ocrx_word' id='word_1_33' title='bbox 1762 658 1920 722; x_wconf 85' lang='lat' dir='ltr'><strong>tum.</strong></span> <span class='ocrx_word' id='word_1_34' title='bbox 2051 667 2147 717; x_wconf 75' lang='grc'><strong>155</strong></span> 
     </span>
     <span class='ocr_line' id='line_1_6' title="bbox 217 739 1869 822; baseline -0.001 -18"><span class='ocrx_word' id='word_1_35' title='bbox 217 739 384 815; x_wconf 85' lang='lat' dir='ltr'><strong>Quid</strong></span> <span class='ocrx_word' id='word_1_36' title='bbox 429 739 653 820; x_wconf 78' lang='lat' dir='ltr'><strong>refert,</strong></span> <span class='ocrx_word' id='word_1_37' title='bbox 697 739 872 803; x_wconf 86' lang='lat' dir='ltr'><strong>vivas</strong></span> <span class='ocrx_word' id='word_1_38' title='bbox 914 742 1248 802; x_wconf 89' lang='lat' dir='ltr'><strong>numerato</strong></span> <span class='ocrx_word' id='word_1_39' title='bbox 1292 760 1497 822; x_wconf 87' lang='lat' dir='ltr'><strong>nuper</strong></span> <span class='ocrx_word' id='word_1_40' title='bbox 1541 760 1627 803; x_wconf 88' lang='lat' dir='ltr'><strong>an</strong></span> <span class='ocrx_word' id='word_1_41' title='bbox 1669 759 1706 802; x_wconf 95' lang='lat' dir='ltr'><strong>o</strong></span> <span class='ocrx_word' id='word_1_42' title='bbox 1742 740 1753 751; x_wconf 88' lang='lat'><strong><em>&#39;</em></strong></span> <span class='ocrx_word' id='word_1_43' title='bbox 1835 739 1869 803; x_wconf 81' lang='lat'><strong>⁴?</strong></span> 
     </span>
     <span class='ocr_line' id='line_1_7' title="bbox 215 822 1762 907; baseline -0.001 -19"><span class='ocrx_word' id='word_1_44' title='bbox 215 823 491 907; x_wconf 83' lang='lat' dir='ltr'><strong>Emptor</strong></span> <span class='ocrx_word' id='word_1_45' title='bbox 532 823 781 886; x_wconf 84' lang='lat' dir='ltr'><strong>Aricini</strong></span> <span class='ocrx_word' id='word_1_46' title='bbox 826 823 1144 905; x_wconf 89' lang='lat' dir='ltr'><strong>quondam</strong></span> <span class='ocrx_word' id='word_1_47' title='bbox 1189 822 1476 887; x_wconf 84' lang='lat' dir='ltr'><strong>Veientis</strong></span> <span class='ocrx_word' id='word_1_48' title='bbox 1522 825 1586 887; x_wconf 90' lang='lat' dir='ltr'><strong>et</strong></span> <span class='ocrx_word' id='word_1_49' title='bbox 1628 823 1762 886; x_wconf 85' lang='lat' dir='ltr'><strong>arvi</strong></span> 
     </span>
     <span class='ocr_line' id='line_1_8' title="bbox 215 907 2019 991; baseline 0 -19"><span class='ocrx_word' id='word_1_50' title='bbox 215 907 527 991; x_wconf 86' lang='lat' dir='ltr'><strong>Emptum</strong></span> <span class='ocrx_word' id='word_1_51' title='bbox 556 910 743 972; x_wconf 87' lang='lat' dir='ltr'><strong>cenat</strong></span> <span class='ocrx_word' id='word_1_52' title='bbox 772 907 940 989; x_wconf 90' lang='lat' dir='ltr'><strong>olus,</strong></span> <span class='ocrx_word' id='word_1_53' title='bbox 986 907 1272 990; x_wconf 86' lang='lat' dir='ltr'><strong>quamvis</strong></span> <span class='ocrx_word' id='word_1_54' title='bbox 1304 908 1488 970; x_wconf 83' lang='lat' dir='ltr'><strong>aliter</strong></span> <span class='ocrx_word' id='word_1_55' title='bbox 1528 910 1742 990; x_wconf 81' lang='lat' dir='ltr'><strong>putat3</strong></span> <span class='ocrx_word' id='word_1_56' title='bbox 1789 908 2019 991; x_wconf 84' lang='lat' dir='ltr'><strong>emptis</strong></span> 
     </span>
     <span class='ocr_line' id='line_1_9' title="bbox 217 990 1932 1077; baseline -0.001 -21"><span class='ocrx_word' id='word_1_57' title='bbox 217 991 349 1056; x_wconf 87' lang='lat' dir='ltr'><strong>Sub</strong></span> <span class='ocrx_word' id='word_1_58' title='bbox 393 993 649 1056; x_wconf 87' lang='lat' dir='ltr'><strong>noctem</strong></span> <span class='ocrx_word' id='word_1_59' title='bbox 691 991 969 1076; x_wconf 85' lang='lat' dir='ltr'><strong>gelidam</strong></span> <span class='ocrx_word' id='word_1_60' title='bbox 1015 991 1209 1077; x_wconf 87' lang='lat' dir='ltr'><strong>lignis</strong></span> <span class='ocrx_word' id='word_1_61' title='bbox 1255 990 1589 1055; x_wconf 83' lang='lat' dir='ltr'><strong>calefactat</strong></span> <span class='ocrx_word' id='word_1_62' title='bbox 1630 991 1932 1075; x_wconf 85' lang='lat' dir='ltr'><strong>ahenum3</strong></span> 
     </span>
     <span class='ocr_line' id='line_1_10' title="bbox 217 1074 2148 1173; baseline -0.001 -33"><span class='ocrx_word' id='word_1_63' title='bbox 217 1074 343 1140; x_wconf 88' lang='lat' dir='ltr'><strong>Sed</strong></span> <span class='ocrx_word' id='word_1_64' title='bbox 387 1078 801 1172; x_wconf 84' lang='lat' dir='ltr'><strong>vocatusque</strong></span> <span class='ocrx_word' id='word_1_65' title='bbox 845 1096 1060 1157; x_wconf 89' lang='lat' dir='ltr'><strong>suum,</strong></span> <span class='ocrx_word' id='word_1_66' title='bbox 1106 1096 1231 1173; x_wconf 81' lang='lat' dir='ltr'><strong>qua</strong></span> <span class='ocrx_word' id='word_1_67' title='bbox 1272 1076 1546 1172; x_wconf 88' lang='lat' dir='ltr'><strong>populus</strong></span> <span class='ocrx_word' id='word_1_68' title='bbox 1577 1075 1782 1139; x_wconf 88' lang='lat' dir='ltr'><strong>adsita</strong></span> <span class='ocrx_word' id='word_1_69' title='bbox 1811 1076 2001 1140; x_wconf 87' lang='lat' dir='ltr'><strong>certis</strong></span> <span class='ocrx_word' id='word_1_70' title='bbox 2050 1088 2148 1138; x_wconf 79' lang='lat'><strong>170</strong></span> 
     </span>
     <span class='ocr_line' id='line_1_11' title="bbox 216 1158 1742 1244; baseline 0 -21"><span class='ocrx_word' id='word_1_71' title='bbox 216 1159 557 1224; x_wconf 84' lang='lat' dir='ltr'><strong>Limitibus</strong></span> <span class='ocrx_word' id='word_1_72' title='bbox 600 1159 810 1224; x_wconf 79' lang='lat' dir='ltr'><strong>vicma</strong></span> <span class='ocrx_word' id='word_1_73' title='bbox 850 1158 1090 1244; x_wconf 82' lang='lat' dir='ltr'><strong>refugit</strong></span> <span class='ocrx_word' id='word_1_74' title='bbox 1132 1180 1370 1244; x_wconf 81' lang='lat' dir='ltr'><strong>1urg1a3</strong></span> <span class='ocrx_word' id='word_1_75' title='bbox 1417 1162 1742 1242; x_wconf 84' lang='lat' dir='ltr'><strong>tamquam</strong></span> 
     </span>
     <span class='ocr_line' id='line_1_12' title="bbox 217 1242 2019 1328; baseline -0.001 -20"><span class='ocrx_word' id='word_1_76' title='bbox 217 1244 318 1309; x_wconf 89' lang='lat' dir='ltr'><strong>Sit</strong></span> <span class='ocrx_word' id='word_1_77' title='bbox 333 1244 664 1328; x_wconf 91' lang='lat' dir='ltr'><strong>proprium</strong></span> <span class='ocrx_word' id='word_1_78' title='bbox 686 1243 1041 1327; x_wconf 89' lang='lat' dir='ltr'><strong>quicquam,</strong></span> <span class='ocrx_word' id='word_1_79' title='bbox 1072 1246 1309 1326; x_wconf 88' lang='lat' dir='ltr'><strong>puncto</strong></span> <span class='ocrx_word' id='word_1_80' title='bbox 1342 1242 1511 1326; x_wconf 90' lang='lat' dir='ltr'><strong>quod</strong></span> <span class='ocrx_word' id='word_1_81' title='bbox 1539 1242 1796 1308; x_wconf 86' lang='lat' dir='ltr'><strong>mobilis</strong></span> <span class='ocrx_word' id='word_1_82' title='bbox 1824 1242 2019 1307; x_wconf 90' lang='lat' dir='ltr'><strong>horae</strong></span> 
     </span>
     <span class='ocr_line' id='line_1_13' title="bbox 216 1327 2019 1412; baseline 0 -20"><span class='ocrx_word' id='word_1_83' title='bbox 216 1327 409 1393; x_wconf 90' lang='lat' dir='ltr'><strong>Nunc</strong></span> <span class='ocrx_word' id='word_1_84' title='bbox 450 1348 671 1412; x_wconf 90' lang='lat' dir='ltr'><strong>prece,</strong></span> <span class='ocrx_word' id='word_1_85' title='bbox 725 1349 896 1393; x_wconf 90' lang='lat' dir='ltr'><strong>nunc</strong></span> <span class='ocrx_word' id='word_1_86' title='bbox 949 1327 1189 1411; x_wconf 80' lang='lat' dir='ltr'><strong>pretiO,</strong></span> <span class='ocrx_word' id='word_1_87' title='bbox 1246 1348 1420 1392; x_wconf 88' lang='lat' dir='ltr'><strong>nunc</strong></span> <span class='ocrx_word' id='word_1_88' title='bbox 1462 1328 1554 1410; x_wconf 83' lang='lat' dir='ltr'><strong>vi,</strong></span> <span class='ocrx_word' id='word_1_89' title='bbox 1598 1348 1770 1392; x_wconf 88' lang='lat' dir='ltr'><strong>nunc</strong></span> <span class='ocrx_word' id='word_1_90' title='bbox 1813 1330 2019 1392; x_wconf 88' lang='lat' dir='ltr'><strong>morte</strong></span> 
     </span>
     <span class='ocr_line' id='line_1_14' title="bbox 216 1433 1769 1561; baseline -0.001 0"><span class='ocrx_word' id='word_1_91' title='bbox 216 1497 546 1561; x_wconf 87' lang='lat' dir='ltr'><strong>Permutet</strong></span> <span class='ocrx_word' id='word_1_92' title='bbox 588 1496 880 1561; x_wconf 82' lang='lat' dir='ltr'><strong>dominos</strong></span> <span class='ocrx_word' id='word_1_93' title='bbox 925 1499 990 1561; x_wconf 89' lang='lat' dir='ltr'><strong>et</strong></span> <span class='ocrx_word' id='word_1_94' title='bbox 1032 1495 1215 1560; x_wconf 89' lang='lat' dir='ltr'><strong>cedat</strong></span> <span class='ocrx_word' id='word_1_95' title='bbox 1256 1496 1328 1559; x_wconf 93' lang='lat' dir='ltr'><strong>in</strong></span> <span class='ocrx_word' id='word_1_96' title='bbox 1369 1433 1769 1560; x_wconf 49' lang='lat' dir='ltr'><strong>algelgeitga.</strong></span> 
     </span>
     <span class='ocr_line' id='line_1_15' title="bbox 217 1578 2144 1664; baseline -0.003 -19"><span class='ocrx_word' id='word_1_97' title='bbox 217 1581 324 1646; x_wconf 88' lang='lat' dir='ltr'><strong>Sic</strong></span> <span class='ocrx_word' id='word_1_98' title='bbox 369 1580 518 1664; x_wconf 87' lang='lat' dir='ltr'><strong>quia</strong></span> <span class='ocrx_word' id='word_1_99' title='bbox 559 1584 904 1664; x_wconf 87' lang='lat' dir='ltr'><strong>perpetuus</strong></span> <span class='ocrx_word' id='word_1_100' title='bbox 946 1580 1108 1644; x_wconf 88' lang='lat' dir='ltr'><strong>nulli</strong></span> <span class='ocrx_word' id='word_1_101' title='bbox 1152 1580 1338 1643; x_wconf 80' lang='lat' dir='ltr'><strong>datur</strong></span> <span class='ocrx_word' id='word_1_102' title='bbox 1379 1602 1560 1663; x_wconf 89' lang='lat' dir='ltr'><strong>usus,</strong></span> <span class='ocrx_word' id='word_1_103' title='bbox 1606 1583 1671 1644; x_wconf 88' lang='lat' dir='ltr'><strong>et</strong></span> <span class='ocrx_word' id='word_1_104' title='bbox 1710 1578 1895 1643; x_wconf 85' lang='lat' dir='ltr'><strong>heres</strong></span> <span class='ocrx_word' id='word_1_105' title='bbox 2049 1592 2144 1641; x_wconf 79' lang='grc'><strong>175</strong></span> 
     </span>
     <span class='ocr_line' id='line_1_16' title="bbox 217 1663 1990 1747; baseline -0.002 -18"><span class='ocrx_word' id='word_1_106' title='bbox 217 1664 535 1730; x_wconf 88' lang='lat' dir='ltr'><strong>Heredem</strong></span> <span class='ocrx_word' id='word_1_107' title='bbox 578 1664 837 1729; x_wconf 87' lang='lat' dir='ltr'><strong>alternis</strong></span> <span class='ocrx_word' id='word_1_108' title='bbox 880 1664 1055 1728; x_wconf 84' lang='lat' dir='ltr'><strong>velut</strong></span> <span class='ocrx_word' id='word_1_109' title='bbox 1096 1663 1268 1727; x_wconf 88' lang='lat' dir='ltr'><strong>unda</strong></span> <span class='ocrx_word' id='word_1_110' title='bbox 1313 1664 1680 1747; x_wconf 86' lang='lat' dir='ltr'><strong>supervenit</strong></span> <span class='ocrx_word' id='word_1_111' title='bbox 1721 1663 1990 1747; x_wconf 89' lang='lat' dir='ltr'><strong>undam,</strong></span> 
     </span>
     <span class='ocr_line' id='line_1_17' title="bbox 219 1746 1944 1830; baseline -0.001 -18"><span class='ocrx_word' id='word_1_112' title='bbox 219 1748 387 1824; x_wconf 83' lang='lat' dir='ltr'><strong>Quid</strong></span> <span class='ocrx_word' id='word_1_113' title='bbox 430 1748 555 1813; x_wconf 83' lang='lat' dir='ltr'><strong>vici</strong></span> <span class='ocrx_word' id='word_1_114' title='bbox 641 1750 866 1813; x_wconf 81' lang='lat' dir='ltr'><strong>rosunt</strong></span> <span class='ocrx_word' id='word_1_115' title='bbox 906 1751 1019 1812; x_wconf 88' lang='lat' dir='ltr'><strong>aut</strong></span> <span class='ocrx_word' id='word_1_116' title='bbox 1059 1747 1333 1811; x_wconf 81' lang='lat' dir='ltr'><strong>horrea?</strong></span> <span class='ocrx_word' id='word_1_117' title='bbox 1381 1747 1610 1830; x_wconf 85' lang='lat' dir='ltr'><strong>quidve</strong></span> <span class='ocrx_word' id='word_1_118' title='bbox 1656 1746 1944 1812; x_wconf 85' lang='lat' dir='ltr'><strong>Calabris</strong></span> 
     </span>
     <span class='ocr_line' id='line_1_18' title="bbox 217 1771 1660 1915; baseline -0.002 -16"><span class='ocrx_word' id='word_1_119' title='bbox 217 1832 501 1899; x_wconf 80' lang='lat' dir='ltr'><strong>Saltibus</strong></span> <span class='ocrx_word' id='word_1_120' title='bbox 543 1771 771 1897; x_wconf 71' lang='lat' dir='ltr'><strong>adiecti</strong></span> <span class='ocrx_word' id='word_1_121' title='bbox 815 1831 1088 1915; x_wconf 86' lang='lat' dir='ltr'><strong>Lucani,</strong></span> <span class='ocrx_word' id='word_1_122' title='bbox 1134 1832 1189 1896; x_wconf 90' lang='lat' dir='ltr'><strong>si</strong></span> <span class='ocrx_word' id='word_1_123' title='bbox 1231 1831 1416 1896; x_wconf 85' lang='lat' dir='ltr'><strong>metit</strong></span> <span class='ocrx_word' id='word_1_124' title='bbox 1459 1831 1660 1896; x_wconf 88' lang='lat' dir='ltr'><strong>Orcus</strong></span> 
     </span>
     <span class='ocr_line' id='line_1_19' title="bbox 220 1915 1786 2000; baseline -0.001 -19"><span class='ocrx_word' id='word_1_125' title='bbox 220 1916 507 1982; x_wconf 82' lang='lat' dir='ltr'><strong>Grandia</strong></span> <span class='ocrx_word' id='word_1_126' title='bbox 550 1937 692 1981; x_wconf 93' lang='lat' dir='ltr'><strong>cum</strong></span> <span class='ocrx_word' id='word_1_127' title='bbox 734 1917 979 2000; x_wconf 87' lang='lat' dir='ltr'><strong>parvis,</strong></span> <span class='ocrx_word' id='word_1_128' title='bbox 1022 1936 1156 1980; x_wconf 90' lang='lat' dir='ltr'><strong>non</strong></span> <span class='ocrx_word' id='word_1_129' title='bbox 1201 1916 1541 1980; x_wconf 82' lang='lat' dir='ltr'><strong>exorabilis</strong></span> <span class='ocrx_word' id='word_1_130' title='bbox 1586 1915 1786 1979; x_wconf 80' lang='lat' dir='ltr'><strong>auro?</strong></span> 
     </span>
     <span class='ocr_line' id='line_1_20' title="bbox 219 1999 2149 2097; baseline -0.002 -30"><span class='ocrx_word' id='word_1_131' title='bbox 219 2001 543 2085; x_wconf 84' lang='lat' dir='ltr'><strong>Gemmas,</strong></span> <span class='ocrx_word' id='word_1_132' title='bbox 573 2021 868 2083; x_wconf 89' lang='lat' dir='ltr'><strong>marmor,</strong></span> <span class='ocrx_word' id='word_1_133' title='bbox 899 2000 1072 2083; x_wconf 89' lang='lat' dir='ltr'><strong>ebur,</strong></span> <span class='ocrx_word' id='word_1_134' title='bbox 1102 1999 1435 2083; x_wconf 79' lang='lat' dir='ltr'><strong>Tyn-hena</strong></span> <span class='ocrx_word' id='word_1_135' title='bbox 1463 1999 1693 2097; x_wconf 84' lang='lat' dir='ltr'><strong>sigilla,</strong></span> <span class='ocrx_word' id='word_1_136' title='bbox 1725 1999 2016 2084; x_wconf 87' lang='lat' dir='ltr'><strong>tabellas,</strong></span> <span class='ocrx_word' id='word_1_137' title='bbox 2051 2013 2149 2064; x_wconf 86' lang='lat'><strong>180</strong></span> 
     </span>
     <span class='ocr_line' id='line_1_21' title="bbox 218 2083 1741 2172; baseline -0.001 -22"><span class='ocrx_word' id='word_1_138' title='bbox 218 2087 613 2172; x_wconf 87' lang='lat' dir='ltr'><strong>Argentum,</strong></span> <span class='ocrx_word' id='word_1_139' title='bbox 656 2088 864 2150; x_wconf 86' lang='lat' dir='ltr'><strong>vestes</strong></span> <span class='ocrx_word' id='word_1_140' title='bbox 910 2083 1181 2149; x_wconf 84' lang='lat' dir='ltr'><strong>Gaetulo</strong></span> <span class='ocrx_word' id='word_1_141' title='bbox 1224 2086 1465 2150; x_wconf 88' lang='lat' dir='ltr'><strong>murice</strong></span> <span class='ocrx_word' id='word_1_142' title='bbox 1508 2087 1741 2148; x_wconf 79' lang='lat' dir='ltr'><strong>tinctas</strong></span> 
     </span>
     <span class='ocr_line' id='line_1_22' title="bbox 218 2167 2018 2252; baseline -0.001 -17"><span class='ocrx_word' id='word_1_143' title='bbox 218 2170 383 2236; x_wconf 87' lang='lat' dir='ltr'><strong>Sunt</strong></span> <span class='ocrx_word' id='word_1_144' title='bbox 468 2170 535 2234; x_wconf 90' lang='lat' dir='ltr'><strong>ui</strong></span> <span class='ocrx_word' id='word_1_145' title='bbox 573 2189 706 2234; x_wconf 92' lang='lat' dir='ltr'><strong>non</strong></span> <span class='ocrx_word' id='word_1_146' title='bbox 748 2169 1058 2251; x_wconf 83' lang='lat' dir='ltr'><strong>habeant,</strong></span> <span class='ocrx_word' id='word_1_147' title='bbox 1103 2172 1203 2233; x_wconf 90' lang='lat' dir='ltr'><strong>est</strong></span> <span class='ocrx_word' id='word_1_148' title='bbox 1245 2169 1355 2252; x_wconf 91' lang='lat' dir='ltr'><strong>qui</strong></span> <span class='ocrx_word' id='word_1_149' title='bbox 1382 2189 1516 2233; x_wconf 93' lang='lat' dir='ltr'><strong>non</strong></span> <span class='ocrx_word' id='word_1_150' title='bbox 1545 2170 1725 2234; x_wconf 89' lang='lat' dir='ltr'><strong>curat</strong></span> <span class='ocrx_word' id='word_1_151' title='bbox 1764 2167 2018 2234; x_wconf 88' lang='lat' dir='ltr'><strong>habere.</strong></span> 
     </span>
     <span class='ocr_line' id='line_1_23' title="bbox 218 2253 1872 2337; baseline -0.002 -17"><span class='ocrx_word' id='word_1_152' title='bbox 218 2254 349 2321; x_wconf 88' lang='lat' dir='ltr'><strong>Cur</strong></span> <span class='ocrx_word' id='word_1_153' title='bbox 454 2256 554 2318; x_wconf 88' lang='lat' dir='ltr'><strong>ter</strong></span> <span class='ocrx_word' id='word_1_154' title='bbox 595 2254 863 2317; x_wconf 86' lang='lat' dir='ltr'><strong>fratrum</strong></span> <span class='ocrx_word' id='word_1_155' title='bbox 907 2273 1152 2317; x_wconf 88' lang='lat' dir='ltr'><strong>cessare</strong></span> <span class='ocrx_word' id='word_1_156' title='bbox 1197 2256 1262 2317; x_wconf 90' lang='lat' dir='ltr'><strong>et</strong></span> <span class='ocrx_word' id='word_1_157' title='bbox 1306 2253 1520 2317; x_wconf 89' lang='lat' dir='ltr'><strong>ludere</strong></span> <span class='ocrx_word' id='word_1_158' title='bbox 1566 2256 1629 2317; x_wconf 91' lang='lat' dir='ltr'><strong>et</strong></span> <span class='ocrx_word' id='word_1_159' title='bbox 1671 2253 1872 2337; x_wconf 87' lang='lat' dir='ltr'><strong>ungui</strong></span> 
     </span>
     <span class='ocr_line' id='line_1_24' title="bbox 217 2337 1830 2422; baseline -0.002 -19"><span class='ocrx_word' id='word_1_160' title='bbox 217 2338 547 2403; x_wconf 87' lang='lat' dir='ltr'><strong>Praeferat</strong></span> <span class='ocrx_word' id='word_1_161' title='bbox 588 2337 861 2401; x_wconf 88' lang='lat' dir='ltr'><strong>Herodis</strong></span> <span class='ocrx_word' id='word_1_162' title='bbox 903 2337 1201 2420; x_wconf 87' lang='lat' dir='ltr'><strong>palmetis</strong></span> <span class='ocrx_word' id='word_1_163' title='bbox 1246 2337 1623 2422; x_wconf 89' lang='lat' dir='ltr'><strong>pinguibus,</strong></span> <span class='ocrx_word' id='word_1_164' title='bbox 1668 2337 1830 2400; x_wconf 88' lang='lat' dir='ltr'><strong>alter</strong></span> 
     </span>
     <span class='ocr_line' id='line_1_25' title="bbox 219 2421 2145 2487; baseline -0.003 0"><span class='ocrx_word' id='word_1_165' title='bbox 219 2422 416 2487; x_wconf 84' lang='lat' dir='ltr'><strong>Dives</strong></span> <span class='ocrx_word' id='word_1_166' title='bbox 462 2425 525 2487; x_wconf 90' lang='lat' dir='ltr'><strong>et</strong></span> <span class='ocrx_word' id='word_1_167' title='bbox 566 2422 634 2485; x_wconf 92' lang='lat' dir='ltr'><strong>in</strong></span> <span class='ocrx_word' id='word_1_168' title='bbox 681 2425 946 2486; x_wconf 78' lang='lat' dir='ltr'><strong>ortanus</strong></span> <span class='ocrx_word' id='word_1_169' title='bbox 989 2421 1069 2485; x_wconf 90' lang='lat' dir='ltr'><strong>ad</strong></span> <span class='ocrx_word' id='word_1_170' title='bbox 1113 2422 1405 2485; x_wconf 87' lang='lat' dir='ltr'><strong>umbram</strong></span> <span class='ocrx_word' id='word_1_171' title='bbox 1447 2421 1610 2486; x_wconf 86' lang='lat' dir='ltr'><strong>lucis</strong></span> <span class='ocrx_word' id='word_1_172' title='bbox 1653 2421 1733 2484; x_wconf 86' lang='lat' dir='ltr'><strong>ab</strong></span> <span class='ocrx_word' id='word_1_173' title='bbox 1778 2423 1921 2483; x_wconf 88' lang='lat' dir='ltr'><strong>ortu</strong></span> <span class='ocrx_word' id='word_1_174' title='bbox 2051 2432 2145 2482; x_wconf 84' lang='grc'><strong>185</strong></span> 
     </span>
     <span class='ocr_line' id='line_1_26' title="bbox 218 2505 1818 2590; baseline -0.003 -18"><span class='ocrx_word' id='word_1_175' title='bbox 218 2507 587 2572; x_wconf 84' lang='lat' dir='ltr'><strong>Silvestrem</strong></span> <span class='ocrx_word' id='word_1_176' title='bbox 675 2505 903 2570; x_wconf 87' lang='lat' dir='ltr'><strong>ammis</strong></span> <span class='ocrx_word' id='word_1_177' title='bbox 947 2508 1011 2570; x_wconf 93' lang='lat' dir='ltr'><strong>et</strong></span> <span class='ocrx_word' id='word_1_178' title='bbox 1051 2505 1220 2569; x_wconf 89' lang='lat' dir='ltr'><strong>ferro</strong></span> <span class='ocrx_word' id='word_1_179' title='bbox 1263 2505 1520 2590; x_wconf 80' lang='lat' dir='ltr'><strong>mitiget</strong></span> <span class='ocrx_word' id='word_1_180' title='bbox 1561 2526 1818 2589; x_wconf 87' lang='lat' dir='ltr'><strong>agrum,</strong></span> 
     </span>
     <span class='ocr_line' id='line_1_27' title="bbox 220 2589 2003 2672; baseline -0.003 -16"><span class='ocrx_word' id='word_1_181' title='bbox 220 2592 355 2656; x_wconf 90' lang='lat' dir='ltr'><strong>Scit</strong></span> <span class='ocrx_word' id='word_1_182' title='bbox 399 2590 670 2672; x_wconf 85' lang='lat' dir='ltr'><strong>Genius,</strong></span> <span class='ocrx_word' id='word_1_183' title='bbox 713 2590 927 2654; x_wconf 87' lang='lat' dir='ltr'><strong>natale</strong></span> <span class='ocrx_word' id='word_1_184' title='bbox 970 2609 1183 2654; x_wconf 87' lang='lat' dir='ltr'><strong>comes</strong></span> <span class='ocrx_word' id='word_1_185' title='bbox 1227 2589 1337 2672; x_wconf 90' lang='lat' dir='ltr'><strong>qui</strong></span> <span class='ocrx_word' id='word_1_186' title='bbox 1378 2591 1690 2672; x_wconf 87' lang='lat' dir='ltr'><strong>temperat</strong></span> <span class='ocrx_word' id='word_1_187' title='bbox 1733 2590 2003 2670; x_wconf 75' lang='lat' dir='ltr'><strong>astrum,</strong></span> 
     </span>
     <span class='ocr_line' id='line_1_28' title="bbox 218 2673 1770 2757; baseline -0.003 -17"><span class='ocrx_word' id='word_1_188' title='bbox 218 2675 504 2741; x_wconf 88' lang='lat' dir='ltr'><strong>Naturae</strong></span> <span class='ocrx_word' id='word_1_189' title='bbox 546 2674 699 2739; x_wconf 85' lang='lat' dir='ltr'><strong>deus</strong></span> <span class='ocrx_word' id='word_1_190' title='bbox 742 2674 1087 2757; x_wconf 86' lang='lat' dir='ltr'><strong>humanae,</strong></span> <span class='ocrx_word' id='word_1_191' title='bbox 1131 2673 1420 2737; x_wconf 85' lang='lat' dir='ltr'><strong>mortalis</strong></span> <span class='ocrx_word' id='word_1_192' title='bbox 1462 2673 1532 2737; x_wconf 88' lang='lat' dir='ltr'><strong>in</strong></span> <span class='ocrx_word' id='word_1_193' title='bbox 1572 2693 1770 2736; x_wconf 89' lang='lat' dir='ltr'><strong>unum</strong></span> 
     </span>
     <span class='ocr_line' id='line_1_29' title="bbox 221 2756 1945 2842; baseline -0.001 -19"><span class='ocrx_word' id='word_1_194' title='bbox 221 2759 530 2842; x_wconf 86' lang='lat' dir='ltr'><strong>Quodque</strong></span> <span class='ocrx_word' id='word_1_195' title='bbox 574 2761 793 2842; x_wconf 83' lang='lat' dir='ltr'><strong>caput,</strong></span> <span class='ocrx_word' id='word_1_196' title='bbox 838 2758 1015 2822; x_wconf 85' lang='lat' dir='ltr'><strong>voltu</strong></span> <span class='ocrx_word' id='word_1_197' title='bbox 1057 2756 1410 2840; x_wconf 88' lang='lat' dir='ltr'><strong>mutabilis,</strong></span> <span class='ocrx_word' id='word_1_198' title='bbox 1456 2757 1639 2821; x_wconf 87' lang='lat' dir='ltr'><strong>albus</strong></span> <span class='ocrx_word' id='word_1_199' title='bbox 1684 2759 1748 2820; x_wconf 91' lang='lat' dir='ltr'><strong>et</strong></span> <span class='ocrx_word' id='word_1_200' title='bbox 1791 2757 1945 2822; x_wconf 85' lang='lat' dir='ltr'><strong>ater.</strong></span> 
     </span>
     <span class='ocr_line' id='line_1_30' title="bbox 221 2842 2149 2926; baseline -0.003 -17"><span class='ocrx_word' id='word_1_201' title='bbox 221 2843 384 2909; x_wconf 88' lang='lat' dir='ltr'><strong>Vtar</strong></span> <span class='ocrx_word' id='word_1_202' title='bbox 425 2845 491 2908; x_wconf 85' lang='lat' dir='ltr'><strong>et</strong></span> <span class='ocrx_word' id='word_1_203' title='bbox 533 2864 610 2908; x_wconf 83' lang='lat' dir='ltr'><strong>ex</strong></span> <span class='ocrx_word' id='word_1_204' title='bbox 652 2842 903 2907; x_wconf 92' lang='lat' dir='ltr'><strong>modico</strong></span> <span class='ocrx_word' id='word_1_205' title='bbox 915 2890 935 2925; x_wconf 91' lang='lat'><strong>,</strong></span> <span class='ocrx_word' id='word_1_206' title='bbox 980 2845 1285 2926; x_wconf 88' lang='lat' dir='ltr'><strong>quantum</strong></span> <span class='ocrx_word' id='word_1_207' title='bbox 1330 2863 1431 2906; x_wconf 88' lang='lat' dir='ltr'><strong>res</strong></span> <span class='ocrx_word' id='word_1_208' title='bbox 1472 2842 1722 2925; x_wconf 86' lang='lat' dir='ltr'><strong>poscet,</strong></span> <span class='ocrx_word' id='word_1_209' title='bbox 1767 2860 1993 2905; x_wconf 85' lang='lat' dir='ltr'><strong>acervo</strong></span> <span class='ocrx_word' id='word_1_210' title='bbox 2051 2851 2149 2903; x_wconf 81' lang='lat'><strong>190</strong></span> 
     </span>
     <span class='ocr_line' id='line_1_31' title="bbox 219 2924 1982 3023; baseline -0.002 -31"><span class='ocrx_word' id='word_1_211' title='bbox 219 2927 471 2992; x_wconf 90' lang='lat' dir='ltr'><strong>Tollam</strong></span> <span class='ocrx_word' id='word_1_212' title='bbox 512 2948 632 2992; x_wconf 91' lang='lat' dir='ltr'><strong>nec</strong></span> <span class='ocrx_word' id='word_1_213' title='bbox 675 2930 986 3009; x_wconf 87' lang='lat' dir='ltr'><strong>metuam,</strong></span> <span class='ocrx_word' id='word_1_214' title='bbox 1031 2925 1182 3023; x_wconf 79' lang='lat' dir='ltr'><strong>quid</strong></span> <span class='ocrx_word' id='word_1_215' title='bbox 1226 2925 1305 2990; x_wconf 89' lang='lat' dir='ltr'><strong>de</strong></span> <span class='ocrx_word' id='word_1_216' title='bbox 1348 2947 1450 2990; x_wconf 91' lang='lat' dir='ltr'><strong>me</strong></span> <span class='ocrx_word' id='word_1_217' title='bbox 1493 2924 1731 2990; x_wconf 87' lang='lat' dir='ltr'><strong>iudicet</strong></span> <span class='ocrx_word' id='word_1_218' title='bbox 1770 2924 1982 3005; x_wconf 79' lang='lat' dir='ltr'><strong>beree,</strong></span> 
     </span>
     <span class='ocr_line' id='line_1_32' title="bbox 221 3009 1980 3094; baseline -0.002 -18"><span class='ocrx_word' id='word_1_219' title='bbox 221 3011 407 3087; x_wconf 89' lang='lat' dir='ltr'><strong>Quod</strong></span> <span class='ocrx_word' id='word_1_220' title='bbox 448 3031 583 3075; x_wconf 88' lang='lat' dir='ltr'><strong>non</strong></span> <span class='ocrx_word' id='word_1_221' title='bbox 626 3012 808 3094; x_wconf 89' lang='lat' dir='ltr'><strong>plura</strong></span> <span class='ocrx_word' id='word_1_222' title='bbox 850 3010 1014 3074; x_wconf 87' lang='lat' dir='ltr'><strong>datis</strong></span> <span class='ocrx_word' id='word_1_223' title='bbox 1057 3010 1400 3094; x_wconf 86' lang='lat' dir='ltr'><strong>mvenerit;</strong></span> <span class='ocrx_word' id='word_1_224' title='bbox 1447 3012 1511 3074; x_wconf 90' lang='lat' dir='ltr'><strong>et</strong></span> <span class='ocrx_word' id='word_1_225' title='bbox 1552 3011 1771 3074; x_wconf 88' lang='lat' dir='ltr'><strong>tamen</strong></span> <span class='ocrx_word' id='word_1_226' title='bbox 1812 3009 1980 3073; x_wconf 89' lang='lat' dir='ltr'><strong>idem</strong></span> 
     </span>
     <span class='ocr_line' id='line_1_33' title="bbox 223 3092 2002 3178; baseline -0.002 -18"><span class='ocrx_word' id='word_1_227' title='bbox 223 3095 398 3161; x_wconf 89' lang='lat' dir='ltr'><strong>Scire</strong></span> <span class='ocrx_word' id='word_1_228' title='bbox 441 3096 681 3178; x_wconf 87' lang='lat' dir='ltr'><strong>volam,</strong></span> <span class='ocrx_word' id='word_1_229' title='bbox 727 3097 1036 3178; x_wconf 83' lang='lat' dir='ltr'><strong>quantum</strong></span> <span class='ocrx_word' id='word_1_230' title='bbox 1079 3094 1351 3176; x_wconf 84' lang='lat' dir='ltr'><strong>simplex</strong></span> <span class='ocrx_word' id='word_1_231' title='bbox 1392 3093 1738 3177; x_wconf 85' lang='lat' dir='ltr'><strong>hilarisque</strong></span> <span class='ocrx_word' id='word_1_232' title='bbox 1779 3092 2002 3176; x_wconf 90' lang='lat' dir='ltr'><strong>nepoti</strong></span> 
     </span>
     <span class='ocr_line' id='line_1_34' title="bbox 223 3177 1902 3264; baseline -0.002 -20"><span class='ocrx_word' id='word_1_233' title='bbox 223 3179 559 3264; x_wconf 88' lang='lat' dir='ltr'><strong>Discrepet</strong></span> <span class='ocrx_word' id='word_1_234' title='bbox 600 3181 1013 3263; x_wconf 61' lang='lat' dir='ltr'><strong>et*quantum</strong></span> <span class='ocrx_word' id='word_1_235' title='bbox 1058 3177 1377 3243; x_wconf 89' lang='lat' dir='ltr'><strong>discordet</strong></span> <span class='ocrx_word' id='word_1_236' title='bbox 1462 3199 1644 3243; x_wconf 85' lang='lat' dir='ltr'><strong>arcus</strong></span> <span class='ocrx_word' id='word_1_237' title='bbox 1689 3198 1902 3243; x_wconf 84' lang='lat' dir='ltr'><strong>avaro.</strong></span> 
     </span>
     <span class='ocr_line' id='line_1_35' title="bbox 222 3262 2021 3349; baseline -0.003 -20"><span class='ocrx_word' id='word_1_238' title='bbox 222 3263 439 3329; x_wconf 86' lang='lat' dir='ltr'><strong>Distat</strong></span> <span class='ocrx_word' id='word_1_239' title='bbox 502 3263 672 3329; x_wconf 86' lang='lat' dir='ltr'><strong>enim</strong></span> <span class='ocrx_word' id='word_1_240' title='bbox 682 3312 702 3349; x_wconf 93' lang='lat'><strong>,</strong></span> <span class='ocrx_word' id='word_1_241' title='bbox 768 3284 1033 3348; x_wconf 89' lang='lat' dir='ltr'><strong>spargas</strong></span> <span class='ocrx_word' id='word_1_242' title='bbox 1097 3266 1209 3328; x_wconf 83' lang='lat' dir='ltr'><strong>tua</strong></span> <span class='ocrx_word' id='word_1_243' title='bbox 1271 3283 1389 3346; x_wconf 94' lang='lat' dir='ltr'><strong>pro</strong></span> <span class='ocrx_word' id='word_1_244' title='bbox 1441 3262 1454 3275; x_wconf 86' lang='grc'><em>“</em></span> <span class='ocrx_word' id='word_1_245' title='bbox 1590 3312 1609 3344; x_wconf 86' lang='grc'>,</span> <span class='ocrx_word' id='word_1_246' title='bbox 1680 3284 1764 3326; x_wconf 84' lang='lat' dir='ltr'><strong>an</strong></span> <span class='ocrx_word' id='word_1_247' title='bbox 1816 3280 2021 3344; x_wconf 88' lang='lat' dir='ltr'><strong>neque</strong></span> 
     </span>
    </p>

    <p class='ocr_par' dir='ltr' id='par_1_3' title="bbox 226 3350 2150 3604">
     <span class='ocr_line' id='line_1_36' title="bbox 1449 3350 2150 3430; baseline -0.007 -20"><span class='ocrx_word' id='word_1_248' title='bbox 1449 3350 1773 3430; x_wconf 91' lang='lat' dir='ltr'><strong>sumptum</strong></span> <span class='ocrx_word' id='word_1_249' title='bbox 2054 3354 2150 3406; x_wconf 81' lang='grc'><strong>195</strong></span> 
     </span>
     <span class='ocr_line' id='line_1_37' title="bbox 226 3431 1775 3515; baseline -0.003 -16"><span class='ocrx_word' id='word_1_250' title='bbox 226 3433 469 3498; x_wconf 82' lang='lat' dir='ltr'><strong>Invitus</strong></span> <span class='ocrx_word' id='word_1_251' title='bbox 515 3431 709 3497; x_wconf 87' lang='lat' dir='ltr'><strong>facias</strong></span> <span class='ocrx_word' id='word_1_252' title='bbox 751 3453 956 3515; x_wconf 89' lang='lat' dir='ltr'><strong>neque</strong></span> <span class='ocrx_word' id='word_1_253' title='bbox 1000 3433 1185 3515; x_wconf 88' lang='lat' dir='ltr'><strong>plura</strong></span> <span class='ocrx_word' id='word_1_254' title='bbox 1270 3451 1450 3494; x_wconf 85' lang='lat' dir='ltr'><strong>arare</strong></span> <span class='ocrx_word' id='word_1_255' title='bbox 1494 3431 1775 3514; x_wconf 56' lang='lat' dir='ltr'><strong>labores»,</strong></span> 
     </span>
     <span class='ocr_line' id='line_1_38' title="bbox 229 3514 1920 3604; baseline -0.002 -23"><span class='ocrx_word' id='word_1_256' title='bbox 229 3519 321 3584; x_wconf 87' lang='lat' dir='ltr'><strong>Ac</strong></span> <span class='ocrx_word' id='word_1_257' title='bbox 360 3518 608 3604; x_wconf 87' lang='lat' dir='ltr'><strong>potius,</strong></span> <span class='ocrx_word' id='word_1_258' title='bbox 652 3539 809 3602; x_wconf 87' lang='lat' dir='ltr'><strong>puer</strong></span> <span class='ocrx_word' id='word_1_259' title='bbox 851 3520 925 3583; x_wconf 90' lang='lat' dir='ltr'><strong>ut</strong></span> <span class='ocrx_word' id='word_1_260' title='bbox 964 3517 1146 3582; x_wconf 86' lang='lat' dir='ltr'><strong>festis</strong></span> <span class='ocrx_word' id='word_1_261' title='bbox 1249 3515 1691 3598; x_wconf 86' lang='lat' dir='ltr'><strong>uinquatribus</strong></span> <span class='ocrx_word' id='word_1_262' title='bbox 1735 3514 1920 3598; x_wconf 82' lang='lat' dir='ltr'><strong>olim,</strong></span> 
     </span>
    </p>

    <p class='ocr_par' dir='ltr' id='par_1_4' title="bbox 1746 3614 1847 3668">
     <span class='ocr_line' id='line_1_39' title="bbox 1746 3614 1847 3668; baseline 0.01 -1"><span class='ocrx_word' id='word_1_263' title='bbox 1746 3614 1847 3668; x_wconf 81' lang='lat'><strong>15·</strong></span> 
     </span>
    </p>
   </div>
  </div>
 </body>
</html>
