2588 4046
426 246 544 310 116
1242 247 1539 305 Eronos
2266 227 2368 316 [κ

549 413 603 478 Ο
650 412 779 476 ima
821 411 1046 496 quodsi
1088 411 1324 496 praeda
1366 431 1556 476 curvo
1601 410 1788 475 litore

686 498 932 560 orrecta
972 517 1228 580 mergos
1272 495 1530 575 iuveris,

547 579 951 645 Libidinosus
995 578 1407 644 inmolabitur
1449 599 1640 663 caper

632 663 719 729 Et
762 685 930 750 agna
973 663 1501 750 Tempestatibus.

1316 971 1440 1045 XI.

545 1102 743 1187 Petti,
786 1102 949 1167 nihil
991 1123 1096 1167 me
1138 1101 1303 1167 sicut
1346 1104 1534 1166 antea
1575 1101 1751 1166 iuvat

631 1187 920 1252 Scribere
962 1186 1305 1252 versiculos
1350 1207 1563 1251 amore
1604 1204 1975 1271 percussum
2018 1182 2228 1268 gravi,

546 1271 813 1354 Amore,
859 1271 967 1354 qui
1008 1292 1111 1335 me
1154 1273 1403 1355 praeter
1446 1291 1667 1335 omnes
1697 1268 1938 1367 expetit

630 1355 933 1419 Mollibus
977 1355 1046 1418 in
1087 1355 1301 1439 pueris
1344 1358 1455 1420 aut
1495 1354 1565 1419 in
1607 1353 1836 1438 puellis
1877 1372 2078 1416 urere.

420 1452 452 1501 6
553 1438 677 1504 Hic
720 1439 943 1503 tertius
977 1437 1332 1503 December
1341 1488 1361 1536 2
1406 1460 1482 1503 ex
1526 1458 1650 1522 quo
1696 1436 1912 1501 destiti

631 1521 895 1587 Inachia
936 1523 1171 1607 furere,
1217 1522 1393 1587 silvis
1435 1522 1748 1586 honorem
1793 1520 2048 1585 decutit.

543 1606 689 1670 Heu
730 1628 864 1691 me,
906 1627 1021 1691 per
1070 1604 1335 1690 urbem,
1384 1628 1535 1671 nam
1572 1606 1774 1704 pudet
1814 1604 1981 1668 tanti
2020 1602 2206 1701 mali,

630 1690 873 1754 Fabula
915 1692 1153 1773 quanta
1194 1691 1317 1755 fui!
1386 1689 1836 1756 Conviviorum
1882 1691 1947 1753 et
1988 1689 2302 1772 paemtet,

545 1774 623 1838 In
667 1775 807 1857 quis
852 1776 1170 1838 amantem
1211 1775 1484 1859 languor
1527 1777 1592 1838 et
1635 1773 1957 1838 silentium

423 1872 486 1920 ιο
631 1858 868 1943 Arg-uit
910 1863 974 1922 et
1016 1859 1211 1922 latere
1253 1859 1491 1942 petitus
1533 1859 1662 1922 imo
1709 1879 1740 1921 s
1786 1858 1986 1921 iritus.

545 1941 894 2008 ‘Contrane
936 1943 1180 2007 lucrum
1224 1942 1322 2006 nil
1363 1943 1573 2007 valere
1618 1964 1739 2007 can
1789 1940 1957 2005 'dum

627 2027 933 2111 Pauperis
977 2028 1310 2113 ingenium
1325 2029 1367 2092 Ρ
1414 2027 1718 2111 querebar
1762 2026 2099 2110 adplorans
2143 2026 2299 2111 tibi,

544 2110 747 2176 Simul
792 2112 1057 2177 calentis
1099 2111 1560 2177 inverecundus
1604 2111 1759 2177 deus

626 2194 991 2260 Fervidiore
1033 2216 1207 2260 mero
1252 2217 1485 2260 arcana
1527 2200 1854 2281 promorat
1894 2195 2057 2260 loco.

422 2291 483 2339 15
550 2278 816 2355 ‘Quodsi
897 2280 1056 2344 meis
1099 2279 1417 2345 inaestuet
1458 2280 1843 2365 praecordiis

625 2362 855 2427 Libera
896 2363 1075 2447 bilis,
1119 2368 1194 2429 ut
1229 2364 1393 2429 ‘haec
1436 2364 1690 2449 ingrata
1728 2365 1934 2430 ventis
1979 2365 2218 2430 dividat

539 2445 867 2530 Fomenta,
903 2448 1135 2512 volnus
1161 2449 1258 2512 nil
1300 2449 1538 2513 malum
1571 2450 1886 2533 levantia,
1977 2520 1984 2531 ,

625 2530 892 2597 Desinet
932 2532 1260 2617 inparibus
1306 2536 1546 2598 certare
1589 2533 1919 2599 submotus
1962 2534 2215 2619 pudor.’

543 2613 672 2679 Vbi
714 2614 872 2681 haec
915 2636 1167 2681 severus
1209 2619 1275 2681 te
1318 2618 1533 2701 palam
1576 2618 2006 2702 laudaveram,

417 2710 485 2759 20
628 2698 844 2764 Iussus
888 2699 1062 2764 abire
1106 2700 1366 2764 domum
1442 2702 1690 2767 ferebar
1732 2703 1975 2768 incerto
2018 2703 2180 2787 pede

541 2782 647 2847 Ad
687 2804 822 2847 non
865 2784 1101 2848 amicos
1142 2783 1268 2849 heu
1312 2784 1471 2850 mihi
1560 2789 1730 2851 ostes
1776 2789 1842 2852 et
1881 2786 2006 2852 heu

623 2866 875 2930 Limina
905 2868 1089 2951 dura,
1119 2869 1346 2951 quibus
1390 2870 1522 2933 lum
1571 2890 1642 2935 os
1687 2873 1752 2935 et
1793 2870 2028 2956 infregi
2069 2872 2267 2940 latus.

540 2949 605 3015 N
606 2971 732 3014 unc
771 2951 1109 3035 gloriantis
1155 2953 1502 3036 quamlibet
1544 2955 1978 3020 mulierculam

628 3034 900 3100 Vincere
942 3036 1211 3101 mollitie
1256 3058 1435 3101 amor
1477 3037 1725 3120 Lycisci
1767 3061 1869 3103 me
1912 3042 2114 3124 tenet3

417 3129 481 3177 25
545 3117 732 3183 Vnde
776 3119 1071 3203 expedire
1114 3141 1248 3184 non
1290 3122 1638 3186 amicorum
1682 3126 1916 3219 queant

624 3201 852 3268 Libera
894 3204 1160 3268 consilia
1201 3226 1322 3270 nec
1366 3207 1786 3271 contumeliae
1828 3228 2084 3292 graves,

541 3284 664 3350 Sed
699 3287 890 3349 ardor
936 3287 1100 3351 alius
1143 3292 1254 3353 aut
1294 3289 1545 3373 puellae
1590 3290 1896 3354 candidae

626 3370 759 3434 Aut
799 3371 1019 3436 teretis
1061 3374 1243 3456 pueri
1285 3374 1550 3459 longam
1593 3374 1961 3440 renodantis
2006 3397 2281 3444 comam.
