2588 4046
190 255 325 328 xxi]
954 261 1169 317 LIBER
1210 264 1253 320 1.

278 417 387 482 Hic
426 419 661 484 bellum
704 421 1140 508 lacrimosum,
1187 425 1292 491 hic
1335 427 1635 491 miseram
1678 429 1914 493 famem

277 501 628 587 Pestemque
675 526 714 567 a
755 507 993 652 possulo
1040 512 1104 571 et
1145 509 1435 595 principe
1481 510 1751 577 Caesare
1796 514 1866 576 in

347 585 563 651 Persas
609 590 799 672 atque
886 591 1176 656 ritannos

445 669 675 736 Vestra
716 676 928 738 motus
975 679 1125 760 aget
1167 699 1377 761 prece.

983 1015 1210 1090 XXII.

274 1154 507 1241 Integer
549 1159 718 1241 vitae
760 1159 1137 1244 scelerisque
1178 1186 1375 1246 purus

272 1238 403 1303 Non
444 1245 591 1326 eget
608 1243 859 1308 Mauris
884 1245 1107 1310 iaculis
1150 1269 1357 1331 neque
1402 1272 1554 1316 arcu

272 1322 391 1387 Nec
431 1327 755 1390 venenatis
797 1329 1064 1411 gravida
1106 1332 1389 1418 sagittis,

347 1407 567 1493 Fusce,
613 1409 942 1495 pharetra,

274 1539 397 1605 Sive
481 1564 547 1607 er
591 1542 810 1627 Syrtes
853 1548 975 1610 iter
1017 1534 1376 1635 aestuosaS,

275 1621 397 1688 Sive
463 1629 716 1691 acturus
759 1651 874 1713 per
915 1631 1369 1715 inhospitalem

273 1704 597 1774 Caucasum
642 1713 746 1776 vel
789 1734 949 1796 quae
996 1715 1139 1780 loca
1179 1718 1507 1785 fabulosus

342 1791 587 1858 Lambit
630 1795 988 1880 Hydaspes,

268 1922 533 2010 Namque
575 1951 681 1993 me
726 1931 887 1994 silva
929 1932 1115 2016 lupus
1159 1935 1230 1998 in
1273 1935 1539 2020 Sabina,

269 2005 418 2075 Dum
455 2035 662 2077 meam
707 2017 894 2079 canto
938 2014 1224 2103 Lalagen
1267 2023 1332 2084 et
1373 2020 1541 2085 ultra

269 2089 608 2161 Terminum
654 2100 820 2163 curis
864 2121 1064 2185 vagor
1106 2104 1416 2186 expeditis
1428 2154 1448 2189 ,

338 2177 518 2264 Fugit
557 2183 896 2266 inermem,

267 2308 443 2384 Quale
482 2319 850 2399 portentum
893 2340 1098 2402 neque
1139 2267 1437 2387 gilitaris

265 2391 521 2462 Daunias
565 2400 716 2463 latis
762 2402 878 2465 alit
919 2404 1283 2489 aesculetiS,

265 2475 382 2543 Nec
419 2480 610 2547 Iubae
654 2484 845 2564 tellus
888 2492 1183 2572 generat,
1231 2490 1487 2555 leonum

335 2564 522 2629 Arida
562 2569 801 2633 nutrix.

265 2692 418 2761 Pone
457 2722 556 2764 me
599 2702 803 2785 pigris
846 2705 957 2768 ubi
998 2706 1179 2769 nulla
1223 2710 1463 2793 campis

265 2778 451 2846 Arbor
491 2786 732 2849 aestiva
772 2792 1091 2853 recreatur
1134 2812 1317 2875 aura,

267 2859 426 2935 Quod
464 2867 628 2932 latus
674 2871 893 2935 mundi
935 2873 1205 2939 nebulae
1248 2876 1579 2961 malusque

338 2946 610 3033 Iuppiter
651 2959 911 3041 urguet3

268 3076 418 3145 Pone
458 3086 571 3149 sub
617 3108 806 3151 curru
846 3090 1116 3155 nimium
1156 3094 1502 3177 propinqui

273 3158 413 3227 Solis
452 3168 519 3231 in
558 3173 728 3234 terra
770 3172 1060 3239 domibus
1102 3181 1365 3261 negata:

274 3241 444 3312 Dulce
483 3252 791 3319 ridentem
832 3256 1120 3344 Lalagen
1162 3262 1390 3326 amabo
1401 3310 1420 3346 ‚

342 3327 522 3399 Dulce
563 3337 944 3421 loquentem.

927 3532 1228 3541 ————-.——

411 3579 436 3616 ἱ

1993 261 2072 326 19

2007 610 2068 658 15

1995 2038 2059 2087 10

1989 2508 2052 2558 15

1981 2978 2050 3028 20
