2588 4046
235 258 349 333 m.]
1043 257 1257 312 LIBER
1299 257 1367 318 IL
2033 249 2153 314 169

230 421 405 486 Haec
447 419 608 484 mihi
652 415 1019 504 Stertinius,
1065 421 1424 505 sapientum
1468 422 1756 503 octavus,
1802 418 2005 484 amico

233 507 428 569 Arma
472 504 673 588 dedit,
719 504 987 589 posthac
1028 526 1111 569 ne
1157 506 1552 602 conpellarer
1594 505 1856 570 inultus,

229 589 480 654 Dixerit
521 590 815 654 insanum
860 589 969 672 qui
1012 610 1141 673 me,
1186 588 1455 654 totidem
1499 589 1712 654 audiet
1754 591 1941 672 atque

231 673 566 756 Respicere
611 672 834 757 ignoto
881 673 1083 738 discet
1122 673 1467 757 pendentia
1507 676 1738 759 tergo?

233 758 493 840 ‘Stoice,
537 759 688 841 post
730 757 1031 822 damnum
1074 758 1166 823 sic
1208 758 1445 823 vendas
1489 758 1704 823 omnia
1744 757 1975 843 pluris,
2056 769 2158 820 300

236 842 372 918 Qua
413 862 515 906 me
560 841 859 924 stultitia,
914 842 1215 925 quoniam
1243 863 1378 907 non
1418 844 1515 907 est
1554 863 1758 927 genus
1801 863 2027 925 unum,

231 926 519 990 Insanire
560 925 791 1009 putas?
838 947 957 1011 ego
1000 947 1154 990 nam
1194 926 1414 991 videor
1456 925 1615 990 mihi
1658 933 1894 991 sanus.’

232 1009 451 1094 Quid,
483 1031 559 1075 ca
602 1012 675 1074 ut
703 1010 1053 1076 abscissum
1074 1010 1368 1076 manibus
1399 1032 1543 1076 cum
1571 1013 1787 1095 portat
1806 1009 2030 1095 Agaue

231 1094 425 1159 Gnati
469 1094 539 1158 in
568 1094 774 1176 elicis,
822 1094 944 1159 sibi
988 1097 1125 1159 tum
1169 1095 1409 1159 furiosa
1452 1095 1766 1159 videturP’

229 1178 533 1244 ‘Stultum
576 1199 678 1243 me
722 1178 927 1243 fateor
973 1179 1190 1264 (liceat
1234 1178 1577 1243 concedere
1620 1179 1813 1263 veris)
2057 1189 2155 1240 30⁶

227 1264 440 1346 Atque
463 1263 655 1327 etiam
678 1263 1003 1347 insanum;
1037 1265 1289 1327 tantum
1313 1263 1436 1328 hoc
1458 1263 1749 1348 edissere,
1780 1284 1904 1347 quo
1926 1284 2029 1328 me

229 1347 327 1411 Ae
409 1349 584 1412 otare
671 1350 811 1412 utes
856 1347 1054 1412 animi
1095 1348 1299 1412 vitio?
1389 1348 1573 1413 ‘Acci
1620 1369 1684 1414 e:
1729 1349 2006 1432 primum

231 1433 331 1495 Ae
381 1431 394 1444 ⁶
445 1451 585 1515 cas,
677 1451 752 1496 oc
798 1434 896 1496 est
938 1431 1169 1517 longos
1213 1431 1510 1514 imitaris,
1558 1453 1595 1496 a
1682 1432 1810 1497 imo

228 1514 334 1579 Ad
378 1537 694 1580 summum
736 1517 910 1580 totus
953 1515 1195 1580 moduli
1236 1516 1582 1600 bipedaIiS,
1627 1518 1692 1580 et
1733 1516 1901 1581 idem

228 1598 515 1683 Corpore
558 1600 865 1664 maiorem
907 1599 1076 1665 rides
1119 1599 1438 1665 Turbonis
1482 1601 1548 1664 in
1592 1601 1782 1664 armis
2057 1614 2157 1663 310

228 1683 538 1768 Spiritum
582 1686 648 1749 et
689 1685 1036 1750 incessum:
1082 1684 1190 1767 qui
1232 1683 1535 1749 ridiculus
1578 1685 1789 1749 minus
1831 1684 1988 1748 illo?

225 1769 337 1832 An
367 1767 804 1851 quodcumque
834 1768 990 1833 facit
1011 1768 1365 1852 Maecenas,
1395 1771 1460 1832 te
1482 1789 1729 1852 quoque
1749 1772 2032 1834 verumst

227 1850 505 1916 Tantum
549 1851 922 1917 dissimilem
966 1855 1030 1917 et
1070 1855 1250 1917 tanto
1298 1855 1536 1918 certare
1580 1853 1935 1918 minorem?

224 1936 534 2001 Absentis
577 1958 770 2000 ranae
814 1936 1005 2020 pullis
1047 1937 1233 2002 vituli
1275 1937 1436 2021 pede
1478 1936 1712 2021 pressis

225 2020 410 2086 Vnus
456 2020 566 2086 ubi
611 2020 863 2106 effugit,
911 2021 1099 2086 matri
1144 2021 1469 2106 denarrat,
1515 2025 1587 2088 ut
1627 2022 1857 2107 ingens
2056 2035 2156 2087 315

223 2105 427 2170 Belua
471 2108 780 2189 cognatos
825 2105 1094 2171 eliserit:
1140 2105 1252 2170 illa
1294 2127 1552 2192 rogare,

226 2189 606 2265 Quantane?
638 2211 793 2255 num
828 2191 1098 2273 tantum,
1135 2190 1399 2254 sufflans
1426 2212 1513 2274 se,
1548 2212 1781 2276 magna
1800 2191 2071 2257 fuisset?

227 2273 503 2339 ‘Maion’
534 2273 887 2339 ‘DimidioP
910 2273 1185 2340 —Num
1205 2274 1431 2339 tanto?
1462 2274 1650 2340 ’Cum
1671 2276 1876 2361 magis
1897 2279 2086 2359 atque

225 2357 311 2423 Se
354 2358 559 2455 magis
614 2358 895 2442 inflaret,
953 2364 1141 2442 ‘non,
1189 2358 1242 2422 si
1284 2361 1350 2423 te
1392 2360 1662 2443 ruperis’
1708 2360 1942 2457 inquit,

223 2441 377 2506 ‘Par
406 2447 573 2507 eris?
641 2442 820 2508 Haec
849 2463 887 2506 a
928 2443 993 2507 te
1034 2462 1170 2506 non
1197 2443 1470 2507 multum
1501 2444 1747 2508 abludit
1787 2465 2022 2529 imag0.
2055 2456 2155 2507 320

225 2525 413 2591 Adde
441 2530 735 2610 poemata
762 2547 934 2591 nunc
995 2525 1117 2591 hoc
1147 2529 1272 2611 est,
1317 2527 1527 2591 oleum
1557 2527 1715 2592 adde
1747 2528 2025 2613 camino,

226 2609 405 2685 Quae
453 2611 648 2694 siquis
694 2632 887 2675 sanus
961 2610 1118 2708 acit,
1167 2614 1232 2675 et
1274 2632 1465 2676 sanus
1510 2611 1704 2676 facies
1748 2614 1836 2676 tu.

222 2693 381 2758 Non
409 2693 550 2759 dico
573 2693 953 2759 horrendam
973 2694 1250 2761 rab1em'.
1268 2694 1428 2759 ‘Iam
1448 2694 1707 2760 desine!
1743 2694 2027 2761 ‘Cultum

221 2777 537 2843 Maiorem
582 2786 819 2843 censu?
894 2778 1195 2863 ‘Teneas,
1238 2778 1500 2843 Damasi
1547 2801 1656 2863 pe,
1702 2779 1830 2844 tuis
1874 2783 1982 2846 te.’

222 2859 430 2925 ‘Mille
467 2862 856 2958 puellarum,
900 2883 1240 2947 puerorum
1283 2863 1460 2928 mille
1609 2871 1795 2928 ores?
2054 2877 2151 2929 325

225 2944 310 3011 *Ο
355 2966 557 3010 maior
599 2946 858 3012 tandem
899 2968 1153 3032 parcas,
1198 2948 1450 3032 insane,
1495 2948 1772 3013 minori?
