2588 4046
437 252 558 318 152
1176 255 1603 312 summm
2273 255 2362 327 [x

559 419 737 484 Dura
777 418 899 483 tibi
942 418 1308 503 peragenda
1347 418 1441 483 rei
1484 419 1568 482 sit
1611 438 1803 482 causa
1844 416 2103 483 Petilli?

560 501 819 569 Scilicet
861 503 1093 567 oblitos
1136 503 1506 586 patriaeque
1548 502 1873 585 pata-isque
1915 501 2161 583 Latini,

561 585 724 653 Cum
767 586 998 651 Pedius
1045 607 1267 651 causas
1312 585 1576 650 exsudet
1615 585 1949 669 Poplicola
1990 589 2179 669 atque

561 671 904 755 Corvinu3‚
947 671 1173 754 patriis
1215 671 1648 734 intermiscere
1690 670 1894 754 petita

435 769 502 819 80
565 754 779 819 Verba
821 754 978 819 foris
1021 755 1207 819 malis
1219 802 1238 837 ,
1271 753 1579 819 Canusini
1619 773 1797 818 more
1840 752 2189 837 bilinguis?

559 838 773 922 Atque
797 860 919 924 ego
944 860 1088 903 cum
1109 837 1387 903 Graecos
1414 838 1717 921 facerem,
1749 839 1939 902 natus
1967 858 2142 901 mare
2168 836 2366 919 citra,

560 921 925 988 Versiculos
939 972 958 1006 ‚
1004 923 1207 987 vetuit
1247 942 1351 987 me
1393 922 1509 986 tali
1551 942 1706 987 voce
1751 921 2083 1004 Quirinus,

559 1006 719 1071 Post
758 1007 1034 1072 mediam
1074 1009 1333 1072 noctem
1375 1007 1577 1089 visus,
1633 1025 1778 1070 cum
1820 1005 2070 1069 somnia
2110 1025 2290 1069 vera:

562 1090 666 1155 ‘In
709 1092 936 1155 silvam
978 1110 1109 1154 non
1152 1090 1334 1175 ligna
1374 1089 1544 1154 feras
1585 1090 1904 1172 insanius,
1949 1111 2021 1154 ac
2067 1089 2123 1152 si

434 1187 500 1236 85
563 1175 835 1260 Magnas
880 1173 1267 1240 Graecorum
1311 1174 1498 1239 malis
1542 1174 1787 1258 inplere
1829 1175 2162 1238 catervas?

560 1258 880 1343 Turgidus
908 1258 1183 1341 Alpinus
1227 1258 1476 1343 iugulat
1518 1258 1669 1322 dum
1698 1257 2044 1322 Memnona
2087 1256 2365 1340 dumque

559 1341 848 1427 Defingit
888 1340 1099 1406 Rheni
1141 1342 1385 1407 luteum
1428 1345 1647 1426 caput,
1691 1341 1850 1406 haec
1894 1362 2014 1426 ego
2058 1340 2241 1424 ludo,

564 1425 737 1501 Quae
767 1447 971 1509 neque
1001 1426 1070 1490 in
1099 1426 1253 1492 aede
1283 1430 1516 1491 sonent
1543 1426 1855 1491 certantia
1884 1425 2091 1489 iudice
2119 1424 2365 1508 Tarpa,

560 1509 625 1576 N
628 1530 698 1574 ec
712 1509 976 1574 redeant
995 1510 1224 1575 iterum
1243 1513 1435 1594 atque
1463 1511 1693 1574 iterum
1709 1509 2058 1594 spectanda
2072 1508 2364 1573 theatris.

437 1607 501 1656 40
565 1595 816 1679 Arguta
856 1595 1186 1659 meretrice
1227 1597 1411 1678 potes
1455 1593 1757 1678 Davoque
1802 1592 2142 1659 Chremeta

563 1678 880 1743 Eludente
924 1699 1141 1743 senem
1184 1698 1397 1743 comes
1426 1679 1668 1776 garrire
1712 1677 1962 1743 libellos

564 1761 746 1827 Vnus
788 1763 1106 1846 vivorum,
1151 1762 1474 1847 Fundam3
1526 1762 1709 1826 Polio
1753 1783 1977 1846 regum

561 1846 758 1911 Facta
800 1847 977 1911 canit
1063 1845 1177 1911 ede
1221 1849 1319 1910 ter
1361 1866 1689 1943 percusso;
1735 1846 1899 1910 forte
1943 1867 1977 1910 e
2024 1866 2095 1909 os
2141 1866 2316 1928 acer,

561 1929 653 1994 Vt
693 1951 914 2014 nem0‚
1023 1930 1192 1994 arius
1237 1930 1441 2015 duc1t3
1486 1930 1678 1994 molle
1724 1932 1913 2013 atque
1985 1932 2237 1994 acetum

437 2027 505 2076 45
572 2014 859 2100 Vergilio
904 2015 1261 2079 adnuerunt
1302 2014 1653 2100 gaudentes
1695 2036 1840 2080 rure
1887 2013 2226 2080 Camenae.

561 2098 705 2163 Hoc
749 2103 916 2182 erat,
962 2102 1220 2182 experto
1264 2099 1504 2163 frustra
1546 2098 1836 2163 Varrone
1877 2099 2152 2164 Atacino

557 2182 771 2266 Atque
848 2182 1225 2266 quibusdam
1302 2183 1472 2267 aliis,
1550 2183 1775 2247 melius
1854 2182 2024 2266 quod
2088 2182 2368 2248 scribere

703 2309 719 2321 ·
1649 2287 1934 2350 possem,

561 2349 904 2415 Inventore
946 2351 1184 2436 minor,
1229 2371 1437 2435 neque
1481 2372 1515 2415 e
1563 2370 1601 2415 o
1644 2351 1742 2414 illi
1785 2350 2113 2415 detrahere
2158 2352 2368 2415 ausim

561 2434 948 2499 Haerentem
994 2436 1189 2518 capiti
1233 2456 1379 2500 cum
1420 2437 1622 2499 muta
1662 2434 1849 2499 laude
1894 2455 2217 2500 coronam.

434 2531 503 2580 50
564 2519 657 2582 At
700 2518 830 2583 dixi
871 2519 1064 2583 fluere
1105 2519 1279 2584 hunc
1323 2520 1735 2602 lutulentum,
1781 2540 1968 2603 saepe
2010 2518 2323 2584 ferentem

563 2601 756 2667 Plura
791 2603 1044 2686 quidem
1075 2603 1362 2667 tollenda
1398 2602 1853 2686 relinquendis.
1908 2602 2052 2688 Age
2106 2623 2347 2686 quaeso

563 2685 661 2783 Tu
703 2686 865 2750 nihil
919 2688 988 2751 in
1029 2707 1265 2772 magno
1312 2687 1536 2752 doctus
1578 2685 1989 2784 reprehendis
2032 2651 2368 2752 siemeross

562 2769 676 2836 N11
722 2771 921 2834 comis
964 2771 1192 2856 tragici
1233 2775 1440 2836 mutat
1481 2770 1762 2835 Lucihus
1794 2773 1954 2837 Acci
1967 2820 1987 2852 ‚

561 2852 715 2918 Non
757 2854 923 2918 ridet
964 2875 1181 2919 versus
1224 2854 1399 2919 Enni
1441 2856 1755 2940 gravitate
1800 2856 2107 2938 minores,

434 2950 500 3000 55
568 2937 731 3002 Cum
775 2938 851 3001 de
896 2960 965 3002 se
1007 2938 1288 3023 loquitur
1331 2960 1465 3003 non
1514 2941 1587 3003 ut
1628 2939 1868 3004 maiore
1910 2938 2278 3023 reprensis‘?

560 3021 726 3097 Quid
770 3024 945 3085 vetat
987 3025 1051 3086 et
1092 3026 1348 3087 nosmet
1388 3022 1593 3088 Lucili
1637 3023 1876 3106 scripta
1919 3022 2206 3108 legentes

563 3105 905 3189 Quaerere,
951 3127 1106 3170 num
1147 3107 1349 3190 illius,
1394 3129 1549 3172 num
1589 3128 1801 3172 rerum
1845 3107 2002 3172 dura
2043 3108 2298 3192 negarit

561 3189 925 3254 Versiculos
969 3193 1198 3254 natura
1239 3212 1306 3255 m
1398 3191 1446 3255 's
1488 3191 1694 3256 factos
1739 3194 1804 3256 et
1845 3194 2065 3256 euntes

562 3273 824 3337 Mollius
836 3323 856 3357 ‚
900 3295 975 3338 ac
1004 3275 1205 3357 siquis
1247 3212 1516 3359 peaffbus
1561 3275 1714 3360 quid
1748 3275 2041 3341 claudere
2085 3275 2289 3358 senis,

433 3370 500 3420 so
564 3356 707 3422 Hoc
749 3359 1001 3421 tantum
1047 3362 1415 3443 contentus,
1474 3362 1644 3424 amet
1672 3360 2013 3443 'scripsisse
2056 3358 2371 3423 ducentos

560 3442 734 3505 Ante
779 3442 992 3506 cibum
1035 3464 1254 3508 versus
1268 3492 1287 3527 ,
1333 3444 1600 3509 totidem
1646 3446 1938 3508 cenatus:
2011 3442 2270 3507 Etrusci

561 3524 761 3601 Quale
805 3524 930 3589 fuit
974 3526 1153 3592 Cassi
1197 3528 1421 3613 rapido
1466 3527 1813 3593 ferventius
1858 3528 2030 3591 amni
