2588 4046
912 850 2104 994 SATIRARVM

1234 1048 1458 1101 LIBER
1490 1048 1780 1104 PRIMVS?

670 1314 825 1429 Qui
866 1345 970 1427 fit,
1014 1345 1383 1425 MaecenaS,
1438 1349 1513 1408 ut
1554 1364 1772 1426 nemo,
1830 1364 2021 1427 quam
2066 1344 2191 1409 sibi
2236 1347 2445 1409 sortem

670 1428 795 1493 Seu
837 1429 1001 1493 ratio
1047 1429 1290 1493 dederit
1333 1449 1444 1492 seu
1488 1428 1622 1492 fors
1666 1429 1997 1512 obiecerit,
2040 1428 2155 1493 illa

669 1512 1022 1577 Contentus
1065 1514 1267 1596 vivat,
1314 1512 1529 1577 laudet
1573 1512 1823 1577 diversa
1864 1513 2248 1597 sequentes?

669 1596 748 1662 ‘O
793 1596 1102 1661 fortunati
1145 1598 1528 1661 mercatores
1542 1598 1582 1661 1’
1644 1596 1859 1681 gravis
1902 1598 2090 1664 annis

540 1692 572 1742 5
668 1681 857 1745 Miles
901 1682 1019 1764 ait,
1064 1682 1264 1745 multo
1311 1681 1439 1745 iam
1480 1680 1719 1745 fractus
1762 1681 2048 1745 membra
2090 1682 2327 1747 labore.

669 1764 911 1831 Contra
952 1768 1266 1830 mercator
1278 1814 1298 1848 ‚
1341 1764 1557 1829 navim
1598 1765 1984 1830 iactantibus
2013 1766 2270 1830 Austris
2281 1815 2300 1848 ‚

669 1848 991 1913 ‘Militiast
1028 1852 1257 1934 potior.
1317 1848 1483 1925 Quid
1512 1849 1726 1913 enim?
1786 1847 2232 1935 Concurritur3
2276 1849 2454 1914 horae

666 1932 994 1997 Momento
1042 1934 1169 1998 cita
1211 1954 1385 1997 mors
1427 1933 1606 1997 venit
1647 1936 1757 1997 aut
1799 1933 2068 1998 victoria
2110 1934 2320 1999 laeta.'

665 2017 1037 2102 Agricolam
1079 2017 1299 2082 laudat
1340 2017 1496 2083 iuris
1542 2017 1879 2104 legumque
1920 2018 2195 2102 peritus,

544 2115 606 2163 ιο
670 2101 801 2166 Sub
891 2103 1001 2166 alli
1046 2106 1305 2167 cantum
1347 2102 1675 2167 consultor
1714 2102 1827 2167 ubi
1869 2103 2035 2167 ostia
2075 2104 2311 2188 pulsat.

666 2184 786 2250 Ille
830 2124 995 2250 «fatis
1039 2186 1303 2251 vadibus
1348 2187 1455 2270 qui
1496 2208 1643 2251 rure
1688 2189 2006 2251 extractus
2055 2188 2127 2252 in
2154 2187 2452 2269 urbemst,

666 2268 852 2334 Solos
895 2270 1112 2334 felices
1157 2271 1442 2335 viventes
1487 2271 1721 2335 clamat
1770 2271 1840 2335 in
1881 2272 2060 2336 urbe.

667 2352 896 2418 Cetera
925 2354 1001 2418 de
1030 2375 1264 2440 genere
1307 2353 1430 2419 hoc
1442 2403 1460 2437 ‚
1493 2355 1649 2419 adeo
1683 2358 1832 2419 sunt
1859 2356 2090 2439 multa,
2136 2356 2452 2440 loquacem

666 2435 1001 2502 Delassare
1044 2438 1260 2502 valent
1301 2438 1591 2503 Fabium.
1679 2438 1743 2505 N
1748 2461 1781 2503 e
1823 2441 1888 2503 te
1932 2461 2171 2524 morer,
2220 2439 2363 2504 audi

543 2534 601 2582 15
669 2520 808 2597 Quo
851 2543 988 2586 rem
1033 2521 1359 2587 deducam.
1435 2523 1648 2606 Siquis
1693 2523 1847 2588 deus
1891 2523 2021 2590 ‘En
2063 2533 2211 2608 ego’
2258 2523 2421 2588 dicat

666 2605 829 2670 ‘Iam
858 2607 1089 2670 faciam
1135 2607 1306 2690 quod
1334 2607 1554 2692 voltis3
1601 2607 1722 2672 eris
1763 2611 1855 2691 tu,
1900 2609 2011 2691 qui
2038 2607 2231 2672 modo
2266 2607 2454 2688 miles,
2561 2608 2562 2611 ’

663 2690 1010 2774 Mercator3
1054 2695 1125 2755 tu
1167 2691 1494 2756 consultus
1523 2692 1745 2775 modo,
1788 2691 2092 2759 rusticus:
2137 2691 2293 2757 hinc
2323 2711 2454 2771 vos,

664 2773 794 2839 Vos
837 2774 990 2840 hinc
1030 2776 1294 2840 mutatis
1340 2775 1642 2840 discedite
1685 2776 1993 2860 partibus.
2060 2775 2214 2840 Eia!

663 2857 831 2933 Quid
875 2858 1057 2922 statis
1070 2858 1129 2923 ‘P'
1176 2860 1403 2924 nolint.
1479 2860 1678 2943 Atqui
1720 2860 1871 2925 licet
1914 2881 2052 2924 esse
2094 2860 2324 2925 beatis.

536 2953 604 3003 20
665 2940 832 3016 Quid
876 2946 1195 3026 causaest,
1241 2944 1467 3008 merito
1513 2944 1669 3027 quin
1711 2944 1840 3008 illis
1869 2944 2160 3028 Iuppiter
2205 2944 2417 3008 ambas

662 3025 873 3090 Iratus
917 3026 1152 3092 buccas
1195 3027 1377 3091 inflet
1417 3048 1624 3123 neque
1668 3048 1735 3091 se
1778 3028 1916 3092 fore
1958 3027 2232 3112 posthac

663 3109 823 3174 Tam
865 3111 1120 3175 facilem
1164 3110 1362 3194 dicat,
1407 3112 1575 3176 vot1s
1618 3122 1691 3175 ut
1777 3111 2036 3176 racbeat
2078 3112 2341 3176 aurem?

661 3193 997 3260 Praeterea
1037 3217 1120 3260 ne
1166 3195 1290 3278 sic,
1334 3197 1408 3260 ut
1451 3197 1558 3279 qui
1602 3196 1748 3260 iocu
1775 3196 1941 3278 aria,
1984 3195 2202 3260 ridens

660 3277 1036 3343 Pei-curram
1081 3281 1514 3366 (quamquam·
1535 3280 1847 3344 ridentem
1891 3279 2096 3344 dicere
2138 3301 2361 3343 verum

535 3373 601 3423 25
670 3361 837 3437 Quid
879 3363 1096 3427 vetat?
1141 3366 1214 3427 ut
1253 3363 1469 3447 pueris
1514 3364 1669 3429 olim
1722 3364 1878 3428 dant
1925 3363 2205 3428 crustula
2248 3358 2453 3427 blandi

661 3444 1005 3530 DoctoreS,
1050 3447 1366 3512 elementa
1408 3447 1609 3512 velint
1648 3450 1721 3511 ut
1763 3448 2004 3513 discere
2090 3469 2285 3532 nma3

661 3528 785 3595 Sed
828 3533 1047 3594 tamen
1089 3535 1302 3595 amoto
1348 3552 1723 3614 quaeramus
1767 3532 1929 3596 seria
1970 3470 2178 3614 lugo»
