2588 4046
479 257 600 323 132
1232 260 1656 317 sA'rmARvM
2274 262 2384 335 [111.

602 424 892 489 Maenius
917 424 1246 488 absentem
1268 422 1549 488 Novium
1574 444 1719 489 cum
1737 425 2040 507 carperet,
2072 422 2252 488 ‘heus
2279 427 2347 488 tu
2370 431 2388 457 ’

602 509 875 585 Quidam
904 509 995 573 ait
1023 509 1309 593 ‘ignoras
1348 510 1444 592 te,
1487 529 1571 571 an
1598 511 1671 571 ut
1699 508 1995 593 ignotum
2035 507 2182 572 dare
2209 508 2387 573 nobis

599 592 814 658 Verba
833 596 1019 677 putas
1029 593 1088 657 ?'
1114 592 1417 677 ‘Egomet
1435 592 1525 655 mi
1547 593 1837 675 ignosco'
1860 592 2149 657 Maenius
2172 592 2388 675 inquit.

603 676 846 743 Stultus
877 681 942 742 et
970 677 1276 760 inprobus
1305 675 1411 741 hic
1441 697 1620 740 amor
1648 679 1746 740 est
1787 676 2142 774 dignusque
2168 676 2388 741 notari.

475 774 541 825 25
609 760 769 828 Cum
810 765 923 826 tua
965 760 1292 845 pervideas
1338 761 1539 824 oculis
1582 759 1751 824 mala
1791 761 2004 844 lippus
2047 761 2351 825 inunctis:

604 844 734 911 Cur
774 846 845 911 in
887 846 1234 910 amicorum
1277 844 1451 908 vitiis
1492 847 1626 908 tam
1669 845 1876 908 cernis
1920 846 2202 927 acutum,

601 930 807 1006 Quam
850 933 960 994 aut
1003 930 1216 1013 aquila
1258 932 1370 994 aut
1401 950 1660 1013 serpens
1689 928 2118 1013 Epidaurius?
2164 931 2257 993 At
2283 929 2394 993 tibi

1690 1016 1915 1077 contra

603 1098 838 1163 Evenit
851 1147 869 1182 ‚
915 1098 1242 1181 inquirant
1282 1098 1441 1162 vitia
1484 1101 1556 1163 ut
1596 1100 1707 1161 tua
1749 1119 1964 1163 rursus
2010 1101 2075 1162 et
2115 1098 2233 1163 illi.

601 1182 974 1248 Iracundior
1017 1185 1115 1247 est
1154 1182 1403 1266 paullo,
1454 1183 1665 1246 minus
1710 1184 1896 1265 aptus
1942 1182 2145 1248 acutis

476 1279 544 1328 30
602 1265 880 1332 Naribus
922 1265 1152 1331 horum
1194 1266 1556 1350 hominum,
1600 1266 1791 1330 rideri
1832 1268 2039 1350 possit
2081 1287 2190 1350 eo,
2237 1264 2397 1349 quod

601 1350 925 1415 Rusticius
967 1353 1156 1415 tonso
1200 1353 1355 1436 toga
1398 1349 1617 1415 defluit
1659 1353 1723 1415 et
1764 1351 1929 1415 male
1971 1352 2151 1415 laxus

603 1433 683 1498 In
712 1434 874 1518 pede
911 1435 1156 1499 calceus
1189 1434 1436 1520 haeret3
1472 1438 1540 1498 at
1571 1437 1668 1499 est
1689 1435 1925 1519 bonus,
1968 1437 2042 1499 ut
2061 1435 2289 1499 melior
2310 1435 2395 1499 vir

602 1517 756 1584 Non
784 1519 945 1583 alius
991 1520 1356 1603 quisquam,
1401 1521 1468 1583 at
1508 1519 1629 1584 tibi
1668 1519 1936 1618 amicus,
1981 1521 2048 1584 at
2075 1519 2397 1605 ingenium

1691 1625 1761 1668 m
1809 1625 1922 1668 ens

599 1688 852 1752 Inculto
895 1688 1054 1752 latet
1095 1686 1218 1753 hoc
1248 1689 1365 1754 sub
1403 1709 1685 1773 corpore.
1816 1688 2042 1772 enique
2083 1690 2151 1753 te
2196 1688 2397 1771 ipsum

477 1784 542 1833 35
612 1771 898 1838 Concute
909 1822 927 1856 ,
971 1794 1254 1856 numqua
1296 1773 1416 1837 tibi
1459 1773 1759 1837 vitiorum
1801 1772 2103 1837 inseverit
2145 1772 2303 1837 olim

605 1856 853 1921 Natura
897 1859 1006 1921 aut
1050 1856 1242 1920 etiam
1286 1856 1676 1922 consuetudo
1721 1856 1917 1922 mala:
1961 1877 2238 1940 namquo

604 1940 935 2026 Neglectis
977 1939 1217 2005 urenda
1259 1940 1394 2004 filix
1436 1941 1788 2006 innascitur
1830 1963 1869 2005 a
1954 1941 2021 2005 ἐ.

603 2025 768 2091 Illuc
809 2028 1307 2110 praevertamur:
1364 2029 1711 2091 amatorem
1755 2047 1880 2111 quo
1966 2026 2210 2090 amicae

604 2109 845 2194 Turpia
873 2110 1199 2193 decipiunt
1231 2131 1507 2191 caecum,
1538 2112 1689 2174 vitia
1725 2113 1835 2176 aut
1861 2111 2053 2175 etiam
2082 2111 2226 2194 ipsa
2250 2111 2397 2174 haec

478 2205 546 2254 40
607 2193 974 2278 Delectant,
1018 2194 1217 2258 veluti
1258 2193 1603 2259 Balbinum
1651 2195 1925 2279 polypus
1967 2194 2256 2279 Hagnae.

606 2277 857 2342 VeHem
900 2279 969 2342 in
1012 2278 1291 2343 amicitia
1335 2279 1428 2344 sic
1472 2300 1821 2344 erraremus
1866 2281 1932 2342 et
1972 2279 2082 2342 isti

605 2361 828 2426 Errori
869 2383 1107 2427 nomen
1148 2363 1349 2428 virtus
1393 2363 1710 2446 posuisset
1750 2362 2109 2428 honestum.

606 2447 698 2510 At
739 2450 919 2530 pater
960 2450 1032 2512 ut
1075 2447 1286 2532 gnati,
1335 2447 1426 2512 sic
1468 2468 1587 2512 nos
1632 2447 1962 2531 debemus,
2008 2448 2198 2514 amici

609 2529 677 2595 Si
722 2531 848 2596 uod
893 2531 978 2595 sit
1018 2532 1272 2615 vitium,
1317 2552 1453 2595 non
1492 2531 1811 2598 fastidire:
1871 2531 2239 2597 strabonem

478 2627 545 2677 45
609 2617 672 2679 Α
716 2615 913 2699 pellat
955 2618 1212 2699 paetum
1254 2617 1464 2700 pater,
1511 2619 1576 2681 et
1616 2617 1894 2701 pullum,
1938 2617 2103 2681 male
2146 2636 2374 2700 parvus

608 2699 781 2765 Sicui
823 2699 992 2764 filius
1037 2702 1160 2784 est,
1205 2704 1279 2765 ut
1321 2700 1645 2766 abortivus
1688 2701 1813 2766 fuit
1855 2701 2009 2765 olim

607 2782 708 2848 Sis
795 2789 942 2869 hus3
985 2784 1156 2848 hunc
1199 2805 1422 2848 varum
1465 2783 1751 2849 distortis
1796 2785 2080 2850 cruribus
2092 2834 2110 2869 ‚
2154 2785 2336 2850 illum

605 2866 660 2930 B
728 2867 896 2932 butit
937 2889 1257 2951 scaurum,
1382 2869 1514 2933 avis
1557 2869 1791 2933 fultum
1833 2870 1999 2934 male
2040 2869 2209 2934 talis,

607 2951 867 3016 Parcius
911 2951 1016 3016 hic
1057 2953 1244 3017 vivit:
1319 2975 1393 3017 ru
1446 2953 1459 2966 ”
1508 2951 1771 3018 dicatur.
1857 2953 2122 3037 Ineptus

481 3048 549 3097 50
610 3036 699 3101 Et
741 3035 1077 3100 iactantior
1117 3035 1225 3100 hic
1267 3037 1418 3120 paul
1446 3040 1578 3102 ost:
1626 3038 1976 3104 concinnus
2019 3037 2238 3102 amicis

608 3120 901 3185 Postulat
941 3123 1015 3184 ut
1057 3119 1360 3185 videatur.
1443 3122 1536 3185 At
1578 3125 1675 3186 est
1716 3122 2134 3188 truculentior
2177 3124 2364 3205 atque

471 3246 475 3250 -
607 3205 761 3269 Plus
804 3226 1004 3289 aequo
1047 3204 1240 3270 liber:
1294 3205 1566 3289 simplex
1607 3207 1916 3291 fortisque
1957 3206 2279 3271 habeatur.

610 3288 869 3354 Caldior
912 3291 1036 3354 est:
1081 3310 1257 3354 acres
1301 3289 1469 3354 inter
1512 3294 1897 3357 numeretur.
1985 3289 2228 3375 Opinor
2237 3338 2257 3373 ,

609 3373 786 3438 Haec
826 3394 929 3437 res
973 3375 1037 3437 et
1078 3373 1317 3459 iungit,
1362 3375 1614 3439 iunctos
1659 3379 1724 3440 et
1767 3378 1974 3441 servat
2017 3374 2270 3439 amicos.

482 3471 547 3520 55
612 3460 704 3522 At
743 3478 863 3522 nos
905 3457 1171 3522 virtutes
1215 3458 1388 3541 ipsas
1432 3459 1803 3524 invertimus
1848 3463 2034 3610 atssue

611 3541 940 3608 Sincerum
985 3542 1272 3629 cupimus
1318 3565 1429 3608 vas
1472 3544 1843 3611 incrustare.
1968 3543 2157 3609 robus
2201 3542 2338 3626 quis
