2588 4046
486 397 556 449 R

489 1976 555 2026 10

490 2446 552 2494 15

1256 224 1539 280 CARMIN
1549 224 1651 280 VM

751 387 989 452 Omnes
1034 385 1255 451 eodem
1303 386 1617 483 cogimur,
1664 385 1946 450 omnium

745 470 1051 535 Versabur
1091 492 1250 534 urna
1291 492 1493 535 senus
1539 471 1714 535 ocius

837 554 987 620 Sors
1034 557 1277 619 exitura
1322 558 1387 619 et
1426 575 1546 620 nos
1591 554 1659 618 in
1703 557 2028 618 aeternum

936 638 1251 703 Exsilium
1296 639 1651 722 inpositura
1693 639 1971 703 cumbae.

1364 978 1524 1052 1111.

744 1108 845 1175 Ne
889 1110 974 1174 sit
1015 1110 1281 1174 ancillae
1324 1109 1443 1173 tibi
1486 1130 1664 1173 amor
1704 1109 1961 1193 pudori,

745 1192 1025 1257 Xanthia
1066 1194 1341 1258 Phoceu.
1428 1192 1612 1257 Prius
1657 1192 2039 1257 insolentem

747 1275 940 1342 Serva
980 1277 1218 1341 Briseis
1261 1278 1447 1341 niveo
1494 1276 1704 1341 colore

837 1361 1044 1426 Movit
1084 1360 1434 1446 Achillem5

745 1495 950 1559 Movit
990 1496 1253 1560 Aiacem
1298 1495 1641 1559 Telamone
1682 1497 1904 1560 natum

742 1578 974 1643 Forma
1016 1580 1299 1676 captivae
1345 1579 1671 1643 dominum
1714 1579 2122 1644 Tecmessae:

743 1663 923 1726 Arsit
963 1664 1222 1728 Atndes
1266 1663 1475 1728 medio
1520 1663 1589 1727 in
1611 1662 1954 1747 ¹triumpho

836 1746 1103 1833 Virgine
1145 1751 1363 1832 rapta,

741 1880 1057 1946 Barbarae
1100 1886 1438 1966 postquam
1486 1882 1763 1947 cecidere
1807 1885 2051 1945 turmae

746 1965 1049 2031 Thessalo
1094 1967 1331 2032 victore
1378 1969 1442 2031 et
1484 1967 1813 2050 ademptus
1856 1965 2099 2031 Hector

743 2049 1030 2114 Tradidit
1072 2051 1257 2115 fessis
1303 2051 1542 2116 leviora
1583 2051 1726 2115 tolli

835 2134 1146 2219 Pergama
1189 2135 1393 2200 Grais.

739 2267 804 2333 N
808 2268 1003 2332 escias
1048 2290 1131 2332 an
1172 2272 1237 2332 te
1279 2290 1586 2353 generum
1628 2270 1795 2335 beati
2019 2325 2022 2328 Α

739 2350 1052 2434 Phyllidis
1095 2352 1293 2416 flavae
1339 2353 1644 2417 decorent
1684 2356 2013 2438 parentes}

744 2434 835 2499 Re
889 2435 1014 2499 ‘um
1058 2439 1225 2500 certe
1267 2440 1580 2521 genuS‚et
1620 2441 1881 2521 penates

907 2523 1080 2584 aeret
1120 2520 1393 2603 iniquos,

743 2652 944 2719 Crede
986 2676 1120 2718 non
1162 2655 1340 2719 illam
1384 2655 1503 2719 tibi
1548 2656 1624 2719 de
1670 2656 1936 2720 scelesta

738 2735 932 2802 Plebe
977 2739 1270 2803 dilectam
1312 2760 1517 2822 neque
1559 2739 1653 2804 sic
1694 2739 1977 2822 fidelem,

741 2819 845 2884 Sic
890 2822 1064 2886 lucro
1111 2844 1396 2887 aversam
1438 2823 1722 2907 potuisse
1765 2824 1940 2888 nasci

832 2904 1036 2969 Matre
1079 2905 1389 2990 pudenda.

738 3038 1043 3102 Bracchia
1074 3040 1138 3101 et
1160 3041 1404 3106 vostum
1445 3044 1800 3124 terelzesque
1843 3061 2024 3105 suras

737 3121 995 3207 Integer
1036 3123 1253 3208 laudo;
1299 3125 1450 3210 fuge
1495 3126 1830 3209 suspicari,

739 3205 933 3271 Cuius
979 3211 1271 3273 octavum
1314 3209 1655 3292 trepidavit
1697 3211 1869 3273 aetas

832 3289 1140 3356 Claudere
1182 3293 1472 3358 lustrum.

1296 3465 1600 3475 —n—-——--
