2588 4046
480 254 519 317 6
1242 259 1636 316 CARMINVM

1392 493 1479 568 V.

608 623 763 699 Quis
808 626 1009 690 multa
1050 625 1308 710 gracilis
1351 628 1415 689 te
1458 647 1616 709 puer
1660 627 1728 689 in
1770 648 1916 692 rosa

604 707 907 773 Perfusus
951 709 1205 792 liquidis
1249 712 1438 793 urget
1480 709 1778 774 odoribus

693 791 891 856 Grato
905 842 923 877 ‚
969 792 1240 877 Pyrrha,
1287 794 1405 857 sub
1450 793 1680 871 antro?

786 875 904 941 Oui
946 877 1179 942 flavam
1220 878 1458 963 religas
1504 898 1782 961 comam,

479 1022 511 1072 5
608 1009 892 1094 Simplex
932 1012 1308 1076 munditiis?
1368 1011 1512 1076 Heu
1556 1013 1846 1095 quotiens
1891 1013 2077 1077 fidem

605 1093 1011 1178 Mutatosque
1057 1096 1208 1160 deos
1251 1096 1433 1160 flebit
1475 1098 1540 1159 et
1582 1118 1809 1180 aspera

688 1178 754 1245 N
754 1179 777 1242 i
863 1180 910 1242 's
956 1201 1231 1262 aequora
1271 1179 1479 1244 ventis

841 1263 1175 1328 mirabibur
1216 1264 1528 1348 insolens,

606 1398 730 1475 Qui
771 1419 943 1463 nunc
986 1402 1049 1463 te
1090 1399 1323 1463 fruitur
1366 1398 1656 1464 credulus
1701 1421 1921 1483 aurea,

482 1494 547 1543 ιο
610 1481 732 1558 Qui
777 1504 1025 1566 semper
1066 1504 1358 1566 vacuam,
1403 1504 1652 1568 semper
1695 1484 2030 1549 amabilem

690 1565 944 1650 Sperat,
988 1568 1240 1632 nescius
1284 1589 1472 1631 aurae

780 1650 1071 1716 Fallacis.
1144 1651 1395 1735 Miseri,
1441 1651 1670 1735 quibus

603 1785 996 1870 Intemptata
1035 1786 1221 1850 nites.
1294 1785 1403 1850 Me
1447 1787 1665 1850 tabula
1708 1808 1884 1852 sacer

602 1868 836 1934 Votiva
876 1870 1086 1953 paries
1129 1869 1371 1935 indicat
1398 1871 1588 1935 uvida

480 1964 544 2015 15
691 1953 811 2019 Sus
860 1954 1108 2018 endisse
1150 1954 1397 2039 potenti

843 2039 1179 2103 estimenta
1219 2040 1414 2103 maris
1467 2041 1603 2104 dec.

1371 2378 1493 2453 VI.

605 2510 912 2576 Scriberis
955 2508 1152 2574 Vario
1197 2509 1381 2574 forbis
1426 2513 1491 2574 ef,
1531 2509 1812 2575 hostium
1891 2553 1904 2588 z

602 2594 858 2678 Victor,
902 2593 1184 2658 Maeonii
1229 2595 1528 2658 carminis
1573 2596 1739 2674 aliti,

605 2677 807 2754 Quam
848 2699 985 2742 rem
1027 2698 1296 2761 cumque
1339 2679 1518 2743 ferox
1559 2680 1827 2744 navibus
1872 2683 1982 2744 aut
2026 2684 2204 2764 equis

636 2779 639 2782 ·
688 2762 875 2827 Miles
919 2765 984 2827 te
1030 2763 1188 2827 duce
1232 2763 1520 2847 gesserit.

476 2909 507 2959 5
601 2896 666 2963 N
669 2918 770 2979 OS,
813 2896 1137 2981 Agrippa,
1180 2917 1387 2980 neque
1428 2897 1587 2962 haec
1631 2897 1836 2962 dicere
1880 2919 1998 2964 nec
2041 2920 2314 2983 gravem

599 2980 857 3045 Pelidae
903 2980 1302 3045 stomachum
1346 2981 1565 3046 cedere
1607 2982 1835 3065 nescii,
1877 3045 1888 3055 ,

600 3064 738 3131 Nec
782 3086 1002 3130 cursus
1045 3065 1318 3149 duplicis
1360 3087 1475 3163 per
1515 3087 1691 3129 mare
1733 3065 1975 3150 Ulixei,

684 3148 821 3214 Nec
865 3170 1119 3213 saevam
1160 3149 1417 3233 Pelopis
1462 3150 1718 3215 domum

601 3282 952 3368 (lentamur,
995 3288 1218 3349 tenues
1424 3285 1555 3366 dia,
1602 3284 1752 3349 dum
1790 3284 1995 3369 pudor

477 3382 541 3431 10
593 3368 981 3453 Inbellisque
1024 3369 1197 3453 lyrae
1310 3390 1428 3433 usa
1468 3372 1696 3453 poizens
1739 3373 1913 3433 vetui:

599 3452 844 3518 Laudes
889 3474 923 3516 e
1004 3453 1131 3537 egii
1176 3452 1466 3518 Caesaris
1512 3457 1578 3517 et
1617 3456 1761 3517 tuas

684 3537 891 3621 Culpa
977 3540 1215 3601 eterere
1260 3537 1500 3621 ingeni.

2343 264 2446 339 [v.
