2588 4046
454 244 575 309 192
1147 243 1661 304 EPISTVLARVM
2287 244 2384 318 [v.

1361 443 1450 521 V.

577 578 646 645 Si
687 580 870 662 potes
914 575 1247 642 Archiacis
1289 576 1559 641 conviva
1598 574 1964 640 recumbere
2006 572 2190 639 lectis

574 662 713 728 Nec
754 661 1007 725 modica.
1050 681 1275 725 cenare
1317 660 1508 725 times
1550 660 1690 724 olus
1734 680 1921 725 omne
1963 658 2235 742 patella,

576 746 884 830 Supremo
928 748 993 808 te
1037 745 1171 809 sole
1215 744 1418 828 domi,
1463 743 1594 807 Tor
1635 745 1813 827 uate,
1857 742 2149 807 manebo·

574 829 747 893 Vina
786 829 967 893 bibes
1008 828 1238 892 iterum
1280 827 1491 892 Tauro
1537 764 1767 892 dffiusa
1851 827 2119 891 alustres

476 927 509 976 δ
579 913 757 977 Inter
797 912 1160 977 Minturnas
1204 911 1782 995 Sinuessanumque
1880 911 2174 975 etrinum.

574 996 644 1061 Si
686 996 911 1060 melius
955 995 1108 1079 quid
1147 996 1376 1079 habeS,
1433 1015 1679 1060 arcesse
1719 995 1824 1060 vel
1866 994 1955 1059 im
2001 993 2204 1059 erium
2257 993 2381 1058 fer.

573 1079 931 1144 Iandudum
974 1080 1266 1163 splendet
1306 1080 1488 1145 focus
1531 1083 1597 1144 et
1636 1079 1754 1143 tibi
1788 1100 1943 1142 mun
2067 1077 2382 1161 supellex.

573 1163 764 1228 Mitte
806 1165 977 1227 leves
1020 1185 1167 1247 spes
1210 1165 1276 1228 et
1316 1163 1664 1228 certamina
1704 1162 2068 1227 divitiarum

574 1247 664 1311 Et
703 1245 953 1312 Moschi
999 1267 1284 1312 causam:
1331 1268 1469 1311 cras
1511 1250 1667 1311 nato
1712 1245 1984 1312 Caesare
2026 1245 2230 1309 festus

452 1345 517 1393 ιο
578 1334 705 1395 Dat
746 1331 998 1395 veniam
1043 1351 1460 1414 somnumque
1505 1330 1639 1395 dies
1651 1355 1671 1414 3
1714 1331 1785 1394 in
1828 1351 1954 1395 une
1997 1329 2220 1395 licebit

572 1419 614 1496 †
633 1414 964 1479 Aestivam
983 1435 1298 1479 -sermone
1341 1414 1622 1500 benigno
1666 1416 1778 1478 ten
1822 1435 1924 1479 ere
1967 1417 2245 1479 noctem.

576 1498 714 1574 Quo
758 1498 918 1562 mihi
960 1498 1315 1582 fortunam,
1359 1498 1414 1562 si
1455 1518 1590 1562 non
1634 1498 1998 1563 conceditur
2037 1497 2181 1561 uti‘?

571 1582 809 1647 Parcus
854 1582 937 1646 ob
980 1581 1229 1647 heredis
1273 1603 1490 1647 curam
1530 1582 1922 1666 nimiumque
1965 1602 2221 1646 severus

572 1666 844 1730 Adsidet
884 1666 1141 1730 insano:
1185 1668 1411 1750 potare
1453 1669 1520 1730 et
1561 1687 1711 1749 spar
1757 1686 1859 1730 ere
1901 1665 2089 1729 flores

453 1763 516 1812 15
577 1749 718 1814 Inci
763 1749 892 1813 iam
933 1750 1263 1833 patiarque
1306 1750 1409 1814 vel
1449 1749 1596 1813 inco
1744 1752 1848 1814 tus
1890 1748 2131 1813 haberi.

577 1773 760 1910 Quid)
785 1854 920 1898 non
961 1833 1232 1898 ebrietas
1276 1833 1636 1917 dissignat?
1679 1854 1720 1898 o
1767 1835 1903 1897 erta
1937 1832 2242 1916 recludit,

576 1916 737 2001 Spes
780 1918 956 1982 iubet
998 1938 1136 1982 esse
1177 1919 1379 2001 ratas,
1432 1916 1514 1981 ad
1555 1937 1711 2000 proe
1743 1918 1805 1981 ‘a
1841 1916 2044 1980 trudit
2084 1916 2394 2003 inertem,

576 1999 880 2067 Sollicitis
925 2001 1156 2067 animis
1197 2022 1359 2067 onus
1403 2000 1656 2079 eximit,
1701 2000 1971 2067 addocet
2011 2002 2204 2066 artes.

575 2084 857 2150 Fecundi
901 2086 1128 2151 calices
1172 2107 1361 2170 quem
1401 2106 1537 2150 non
1576 2085 1785 2151 fecere
1828 2085 2166 2169 disertum,

448 2182 517 2232 20
580 2168 926 2235 Contracta
967 2191 1156 2254 quem
1197 2190 1333 2234 non
1375 2170 1446 2234 in
1535 2173 1861 2253 aupertate
1905 2170 2232 2234 solutum?

573 2252 751 2318 Haec
794 2274 913 2339 ego
957 2274 1297 2337 procurare
1339 2257 1406 2318 et
1446 2254 1469 2317 i
1514 2274 1712 2318 oneus
1755 2253 2034 2338 imperor
2074 2258 2143 2318 et
2182 2275 2333 2321 non

572 2335 851 2420 Invitus,
893 2358 977 2402 ne
1018 2340 1204 2422 turpe
1243 2337 1442 2420 toral,
1484 2358 1568 2402 ne
1612 2337 1866 2402 sordida
1907 2359 2142 2422 mappa

577 2420 775 2485 Corru
822 2422 888 2485 et
926 2442 1144 2504 nares,
1187 2442 1270 2485 ne
1312 2442 1447 2486 non
1489 2423 1555 2486 et
1596 2421 1934 2486 cantharus
1976 2425 2043 2485 et
2085 2422 2239 2486 lanx

579 2504 781 2569 Osten
824 2509 893 2569 at
931 2504 1052 2569 tibi
1093 2508 1187 2588 te,
1231 2526 1315 2570 ne
1355 2505 1517 2570 fidos
1561 2504 1730 2570 inter
1771 2506 2009 2571 amicos

449 2601 516 2651 25
581 2587 679 2653 Sit
720 2589 831 2672 qui
873 2588 1045 2653 dicta
1085 2589 1256 2654 foras
1301 2588 1613 2672 eliminet,
1657 2593 1730 2654 ut
1770 2592 1952 2655 coeat
1986 2610 2109 2686 par

577 2671 1013 2757 Iungaturque
1055 2673 1214 2757 pari.
1286 2672 1558 2738 Butram
1598 2673 1721 2737 tibi
1763 2672 2241 2757 Septiciumque

574 2755 663 2820 Et
702 2756 829 2821 nisi
874 2777 1032 2821 cena.
1072 2756 1247 2840 prior
1289 2757 1624 2841 potiorque
1668 2757 1883 2841 puella
1925 2756 2236 2822 Sabinum

574 2838 838 2905 Detinet
879 2840 1238 2925 adsumam3
1294 2842 1472 2906 locus
1517 2843 1614 2906 est
1656 2845 1721 2905 et
1761 2840 2051 2925 pluribus
2094 2841 2389 2927 umbris,

576 2922 702 2988 Sed
742 2924 935 2988 nimis
979 2927 1116 2989 arta
1155 2927 1455 3008 premunt
1495 2925 1701 2989 olidae
1745 2925 2039 2990 convivia
2081 2945 2336 3023 caprae.

448 3019 517 3070 80
578 3006 678 3071 Tu
720 3010 950 3090 quotus
995 3029 1131 3074 esse
1174 3009 1333 3074 velis
1375 3008 1651 3074 rescribe
1695 3011 1760 3074 et
1799 3007 1989 3073 rebus
2032 3010 2297 3076 omssis

573 3091 760 3156 Atria
802 3094 1160 3158 servantem
1201 3093 1451 3177 postico
1494 3093 1648 3158 falle
1692 3092 2006 3158 clientem.
