2588 4046
463 237 580 302 156
1204 240 1630 297 SATIRARVM
2314 239 2384 312 [1.

577 403 841 489 Frigore
881 407 948 470 te
989 404 1221 469 feriat?
1310 404 1530 488 ‘Quid,
1575 406 1782 469 cumst
1823 402 2104 468 Lucilius
2148 423 2342 467 ausus

577 488 828 553 Primus
858 490 926 554 in
968 488 1139 553 hunc
1167 489 1379 573 operis
1412 509 1771 572 conponere
1802 489 2085 552 carmina
2116 507 2383 569 morem,

577 571 926 638 Detrahere
958 577 1023 638 et
1056 574 1321 657 pellem,
1365 572 1607 637 nitidus
1652 594 1775 656 qua
1819 572 2083 656 quisque
2124 592 2238 655 per
2268 591 2386 634 ora

456 669 517 719 85
579 656 850 722 Cederet
924 659 1268 722 introrsum
1313 658 1552 741 turpis:
1596 678 1752 721 num
1781 656 2036 720 Laelius
2082 658 2145 720 et
2187 655 2301 738 qui

578 739 780 805 Duxit
821 706 900 806 ab
945 762 1249 826 oppressa
1300 742 1597 806 meritum
1640 740 1841 806 Carth
1932 740 2032 804 ‘ne
2073 760 2315 804 nomen

578 824 850 909 Ingenio
896 825 1123 890 offensi
1166 829 1278 891 aut
1319 827 1493 890 laeso
1538 825 1795 890 doluere
1909 824 2099 889 etello

579 908 993 993 Famosisque
1036 909 1217 994 Lupo
1263 912 1562 994 cooperto
1609 908 1939 974 versibus?
2012 909 2214 991 Atqui

579 992 900 1058 Primores
943 995 1166 1078 populi
1209 994 1479 1078 arripuit
1519 993 1951 1091 populumque
1994 992 2320 1075 tributim,

455 1089 521 1139 το
587 1076 843 1143 Scilicet
884 1078 998 1143 uni
1042 1099 1279 1162 aequus
1324 1078 1546 1143 virtuti
1589 1081 1777 1161 atque
1822 1098 1957 1141 eius
2002 1076 2242 1140 amicis,

582 1160 753 1236 Quin
778 1162 890 1226 ubi
920 1182 987 1226 se
1031 1184 1069 1226 a
1097 1163 1290 1248 vulgo
1323 1165 1387 1227 et
1419 1182 1647 1226 scaena
1688 1162 1760 1225 in
1788 1164 2031 1226 secreta
2056 1164 2395 1225 remorant

579 1243 802 1310 Virtus
847 1244 1179 1330 Scipiadae
1224 1250 1289 1311 et
1330 1247 1505 1310 mitis
1549 1245 1861 1330 sapientia
1902 1244 2106 1329 Laeli,

580 1328 830 1414 Nugari
875 1350 1018 1394 cum
1062 1331 1175 1395 illo
1221 1333 1287 1395 et
1331 1330 1625 1396 discincti
1668 1329 1914 1412 ludere,
1959 1329 2161 1394 donec

580 1411 1058 1497 Decoqueretur
1121 1415 1293 1499 olus,
1361 1415 1550 1479 soliti.
1647 1413 1966 1512 Quidquid
2031 1435 2172 1478 sum
2227 1434 2393 1499 ego,

1670 1519 1958 1581 quamns

456 1594 519 1642 75
583 1581 762 1646 Infra
806 1583 1011 1647 Lucili
1057 1604 1318 1648 censum
1360 1584 1840 1668 ingeniumque,
1884 1585 2100 1646 tamen
2142 1602 2244 1646 me

582 1664 745 1732 Cum
788 1667 1042 1751 magnis
1085 1667 1320 1732 vixisse
1362 1668 1563 1731 invita
1604 1666 1908 1732 fatebitur
1948 1687 2147 1751 usque

580 1749 860 1834 Invidia,
906 1754 970 1816 et
1012 1751 1230 1836 fragili
1273 1773 1583 1835 quaerens
1625 1751 1870 1815 illidere
1914 1751 2195 1833 dentem,

583 1834 882 1900 Offendet
925 1835 1160 1919 solido,
1204 1836 1331 1900 nisi
1378 1835 1530 1920 quid
1571 1839 1674 1919 tu,
1721 1835 1903 1899 docte
1946 1834 2234 1916 Trebati,

581 1918 945 1985 Dissentis.'
1004 1919 1342 2003 ‘Equidem
1363 1919 1529 1984 nihil
1548 1920 1700 1984 hinc
1729 1919 2062 2004 diffingere
2090 1939 2392 2004 possum3

457 2015 523 2066 80
583 1998 708 2069 Sed
750 2006 966 2069 tamen
1006 2007 1079 2069 ut
1121 2004 1403 2070 monitus
1448 2025 1698 2088 caveas,
1741 2025 1825 2068 ne
1869 2003 2034 2069 forte
2075 2005 2304 2089 negoti

581 2087 860 2153 Incutiat
900 2090 1018 2154 tibi
1092 2089 1201 2153 uid
1245 2093 1608 2154 sanctarum
1648 2089 1904 2153 inscitia
1945 2089 2192 2174 legum:

584 2170 653 2236 Si
681 2173 852 2236 mala
881 2173 1069 2238 condi
1114 2174 1234 2237 erit
1276 2173 1345 2238 in
1388 2194 1576 2270 quem
1619 2174 1761 2257 quis
1791 2173 2102 2256 carmina,
2146 2173 2247 2237 ius
2290 2177 2401 2239 est

583 2253 1064 2342 Iudiciumque.'
1127 2256 1344 2341 msto,
1376 2258 1574 2342 siquis
1603 2258 1799 2342 mala3
1845 2256 1957 2322 sed
1984 2257 2156 2322 bona
2186 2257 2399 2342 siquis

582 2337 799 2405 Iudice
843 2342 1197 2407 condiderit
1239 2340 1535 2407 laudatus
1580 2340 1890 2407 Caesare?
1947 2341 2144 2425 siquis

459 2435 522 2486 85
589 2422 687 2508 Op
734 2424 965 2489 robriis
1010 2426 1275 2511 dignum
1320 2426 1674 2510 latraverit,
1720 2427 1970 2511 integer
2008 2426 2144 2522 ipse
2155 2426 2215 2490 ’θ’

357 2536 362 2543 ·
585 2506 694 2573 ‘So
722 2511 950 2574 ventur
989 2510 1121 2575 risu
1163 2510 1448 2594 tabulae,
1491 2513 1564 2576 tu
1605 2511 1836 2574 missus
1881 2509 2130 2574 abibis?

1364 2799 1459 2875 Π.

586 2930 761 3005 Quae
805 2931 1006 2996 virtus
1052 2933 1116 2996 et
1158 2934 1426 3015 quanta,
1470 2931 1654 3014 boni,
1698 2931 1784 2996 sit
1823 2931 2032 2996 vivere
2071 2952 2276 3029 parvo

615 3012 753 3078 Nec
781 3036 958 3080 meus
988 3014 1094 3079 hic
1124 3018 1424 3099 sermost,
1465 3015 1577 3080 sed
1607 3036 1766 3099 quae
1794 3037 2020 3100 praece
2065 3019 2119 3079 it
2140 3014 2406 3085 Ofellus

643 3098 883 3195 usticus
897 3148 916 3183 ,
962 3098 1286 3164 abnormis
1332 3099 1586 3183 sapiens
1627 3120 1964 3184 crassaque
1992 3038 2319 3187 Effinerva)
2331 3150 2354 3185 ,

585 3180 828 3247 Disclte
870 3204 1005 3247 non
1046 3184 1216 3247 inter
1258 3185 1474 3249 lances
1516 3204 1770 3249 mensas
1814 3205 1895 3248 ue
1936 3184 2247 3267 nitentes,

457 3276 491 3327 ⁶
588 3264 750 3330 Cum
797 3270 1012 3351 stupet
1050 3268 1297 3333 insanis
1342 3268 1508 3334 acies
1550 3268 1790 3353 fulgori
1833 3289 1909 3333 us
1953 3271 2018 3333 et
2059 3288 2205 3332 cum

584 3350 870 3415 Acclinis
913 3351 1093 3416 falsis
1138 3353 1389 3416 animus
1432 3353 1698 3417 meliora
1738 3355 2016 3436 recusat,

583 3433 824 3499 Verum
865 3435 970 3500 hic
1012 3436 1302 3520 inpransi
1330 3458 1577 3502 mecum
1624 3436 1972 3520 disquirite.
2044 3434 2175 3501 Cur
2216 3438 2407 3505 hoc?

585 3517 835 3600 Dicam,
882 3520 937 3583 si
979 3523 1222 3603 potero.
1299 3520 1468 3586 Male
1506 3542 1726 3586 verum
1770 3521 2090 3586 examinat
2132 3524 2355 3588 omnis
