2588 4046
462 594 527 644 35

460 2262 526 2312 10

459 2717 520 2768 15

452 3172 520 3222 20

1225 250 1619 308 CARMINVM

715 413 988 498 Pauperi
1029 412 1377 479 recluditur

806 499 901 563 Re
1101 520 1179 564 ue
1221 498 1435 582 pueris
1509 518 1629 563 nec
1673 498 1926 563 satelles
1963 498 2116 563 Orci

721 521 1465 650 Galliffiffirometheaf

806 667 1075 733 Revexit
1114 687 1265 730 auro
1312 670 1555 751 captus.
1628 665 1751 730 Hic
1796 666 2136 750 superbum

716 784 1052 850 Tantalum
1094 787 1282 868 atque
1327 783 1581 848 Tantali

811 869 1026 934 Genus
1071 868 1384 951 cohercet,
1426 867 1531 932 hic
1575 868 1782 932 levare
1827 868 2115 933 functum

715 952 848 1018 Pau
897 975 1067 1018 erem
1110 953 1434 1017 laboribus

869 1041 1087 1104 ocatus
1131 1040 1322 1120 atque
1363 1057 1498 1100 non
1539 1038 1801 1102 vocatus
1845 1035 2041 1101 audit.

1270 1292 1570 1368 XVIIII.

714 1425 1036 1492 Bacchum
1080 1424 1149 1489 in
1193 1424 1456 1488 remotis
1503 1423 1783 1489 carmina
1824 1424 2087 1507 rupibus

714 1509 864 1575 Vidi
908 1510 1272 1592 docentem,
1318 1508 1554 1572 credite
1596 1508 1869 1592 posteri,

804 1592 1260 1678 Nymphasque
1306 1592 1619 1657 discentes
1665 1594 1731 1655 et
1770 1612 1952 1656 aures

891 1676 1317 1762 Capripedum
1360 1675 1730 1759 Satyrorum
1773 1678 2015 1741 acutas,-

709 1795 934 1861 Euhoe
947 1844 967 1879 ‚
1008 1797 1249 1861 recenti
1290 1815 1472 1859 mens
1514 1794 1792 1878 trepidat
1831 1796 2038 1878 metu,

713 1879 1036 1963 Plenoque
1079 1879 1318 1946 Bacchi
1360 1882 1616 1963 pectore
1658 1878 1981 1943 turbidum

805 1963 1121 2030 Laetatur.
1212 1963 1467 2048 Euhoe,
1512 1983 1700 2048 parce
1743 1962 1961 2046 Liber,

887 2049 1115 2133 Parce,
1159 2049 1342 2135 gravi
1385 2047 1723 2113 metuende
1765 2047 2007 2130 thyrso.

710 2166 833 2232 Fas
874 2166 1233 2251 pervicaces
1278 2168 1378 2231 est
1418 2165 1578 2230 mihi
1620 2164 1935 2248 Thyiadas

713 2249 990 2334 Vinique
1033 2251 1279 2315 fontem
1323 2250 1507 2315 lactis
1551 2252 1616 2313 et
1656 2249 1882 2314 uberes

804 2333 1074 2400 Cantare
1115 2335 1285 2400 rivos
1331 2336 1519 2417 atque
1562 2334 1805 2398 truncis

885 2418 1093 2502 Lapsa
1136 2420 1306 2484 cavis
1349 2418 1577 2483 iterare
1620 2418 1837 2503 mella3

708 2536 832 2601 Fas
876 2539 941 2600 et
983 2537 1203 2600 beatae
1247 2536 1540 2621 coniugis
1584 2535 1868 2600 additum

710 2620 927 2687 Stellis
970 2619 1282 2685 honorem
1324 2623 1616 2704 tectaque
1659 2619 1929 2684 Penthei

802 2704 1086 2769 Disiecta
1126 2725 1260 2769 non
1303 2704 1435 2769 leni
1475 2705 1660 2769 ruina

885 2787 1147 2853 Thracis
1193 2791 1258 2853 et
1308 2789 1571 2853 exitium
1614 2788 1906 2873 Lycurgi.

707 2906 805 2971 Tu
845 2906 1047 2971 flectis
1093 2928 1313 2971 amnes
1388 2908 1460 2971 tu
1502 2928 1674 2971 mare
1717 2906 2089 2991 barbarum,

707 2990 804 3054 Tu
849 3012 916 3055 se
963 2992 1154 3056 aratis
1198 2955 1423 3055 uvidus
1468 2991 1538 3054 in
1579 2989 1749 3076 iugis

799 3074 904 3139 No
952 3096 989 3139 o
1035 3074 1333 3140 coherces
1376 3074 1664 3158 viperino

886 3157 1293 3223 Bistonidum
1337 3158 1475 3223 sine
1516 3158 1738 3224 fraude
1783 3159 2007 3223 crines.

705 3276 803 3341 Tu
877 3297 1020 3341 cum
1063 3276 1347 3373 parentis
1390 3297 1592 3361 regna
1632 3298 1748 3360 per
1789 3276 2054 3342 arduum

707 3325 953 3426 Cohors
998 3359 1348 3446 Glgantum
1369 3360 1723 3458 ’scanderet
1763 3361 1969 3445 inpia,

798 3445 1112 3510 Rhoetum
1153 3447 1469 3510 retorslst1
1512 3445 1716 3509 leonis

881 3529 1219 3611 Vnguibus
1261 3528 1678 3614 horribilique
1720 3530 1917 3615 mala3

2168 251 2394 324 [xvm.
