2588 4046
472 236 601 301 210
1173 239 1686 297 EP1sTVLARvM
2180 241 2413 314 [xvm.

596 402 759 486 Aut,
806 402 861 467 si
902 422 1038 467 non
1081 401 1245 485 odit,
1289 402 1459 488 regit
1501 422 1575 467 ac
1616 401 1813 466 veluti
1856 402 1965 485 pia
2007 404 2211 467 mater

594 487 750 553 Plus
795 507 984 569 quam
1028 507 1095 551 se
1140 506 1362 571 sapere
1405 488 1472 550 et
1508 485 1847 551 virtutibus
1892 507 2030 550 esse
2079 487 2364 570 priorem

593 570 753 636 Volt
794 574 860 635 et
900 571 992 636 ait
1029 590 1231 655 prope
1272 591 1452 635 vera:
1497 574 1696 634 ‘meae
1742 570 2153 655 (contendere
2195 572 2363 658 noli)

597 654 946 720 Stultitiam
986 654 1319 738 patiuntur
1363 675 1545 739 opes3
1589 653 1709 718 tibi
1750 654 2015 737 parvola
2056 675 2157 719 res
2203 658 2334 720 est:

467 751 537 800 80
599 739 763 803 Arta
806 738 987 804 decet
1035 758 1259 804 sanum
1305 738 1604 803 comitem
1645 740 1828 823 toga3
1889 736 2106 803 desine
2147 759 2409 804 mecum

597 821 903 888 Certaress
974 821 1389 905 Eutrapelus,
1437 822 1809 905 cuicumque
1848 843 2079 887 nocere
2123 823 2405 908 volebat,

595 905 994 971 Vestimenta
1035 905 1229 971 dabat
1269 905 1579 989 pretiosa:
1623 905 1846 970 beatus
1891 906 2062 970 enim
2103 906 2235 970 iam

597 987 761 1056 Cum
802 989 1084 1087 pulchris
1126 989 1363 1055 tunicis
1394 992 1602 1054 sumet
1632 1009 1801 1054 nova
1830 990 2097 1054 consilia
2126 993 2194 1054 et
2230 1012 2403 1075 spes,

596 1072 890 1137 Dormiet
932 1073 1003 1137 in
1042 1073 1279 1157 lucem,
1325 1076 1535 1138 scorto
1579 1075 1931 1158 postponet
1970 1073 2318 1139 honestum

469 1169 536 1219 35
604 1156 932 1240 Officium,
976 1177 1271 1221 nummos
1315 1157 1558 1221 alienos
1601 1160 1848 1240 pascet,
1894 1157 1974 1221 ad
2015 1157 2217 1221 imum

595 1240 809 1305 Thrax
852 1240 973 1305 erit
1014 1244 1129 1306 aut
1170 1241 1420 1305 olitoris
1462 1243 1613 1326 aget
1652 1241 1942 1305 mercede
1987 1240 2327 1307 caballum

593 1324 920 1388 Arcanum
961 1345 1167 1408 neque
1208 1327 1281 1389 tu
1325 1324 1702 1390 scrutaberis
1746 1324 1918 1388 illius
1959 1345 2296 1411 umquam,

596 1407 1128 1491 Gonmissumque
1168 1410 1349 1494 teges
1394 1410 1459 1473 et
1499 1408 1647 1472 vino
1692 1410 1901 1472 tortus
1944 1409 2011 1472 et
2049 1408 2167 1477 ira.

592 1491 731 1558 Nec
773 1494 887 1556 tua
928 1491 1218 1556 laudabis
1262 1490 1472 1556 studia
1514 1494 1625 1557 aut
1664 1491 1873 1556 aliena
1910 1492 2289 1577 reprendes,

466 1587 534 1638 40
595 1575 765 1659 Nec,
811 1597 955 1641 cum
996 1576 1213 1640 venari
1255 1577 1430 1640 volet
1471 1576 1609 1659 ille,
1652 1578 1950 1658 poemata
1988 1596 2255 1672 panges.

593 1659 815 1724 Gratia
852 1659 944 1725 sic
985 1660 1255 1723 fratrum
1297 1660 1730 1745 geminorum,
1773 1657 2159 1743 Amphionis
2203 1663 2397 1746 atque

593 1742 807 1827 Zethi,
853 1742 1160 1829 dissiluit,
1206 1742 1410 1808 donec
1454 1746 1749 1827 suspecta
1791 1763 2008 1808 severo

593 1826 920 1892 Conticuit
959 1828 1115 1911 lyra.
1202 1826 1527 1891 Fraternis
1571 1827 1835 1891 cessisse
1877 1829 2138 1911 putatur

590 1910 878 1975 Moribus
920 1910 1276 1994 Amphion:
1321 1913 1394 1975 tu
1438 1911 1588 1976 cede
1629 1911 1912 1995 potentis
1955 1912 2144 1977 amici

461 1996 530 2057 λδ
592 1994 872 2060 Lenibus
914 1994 1230 2080 imperiis,
1276 1994 1692 2079 quotiensque
1737 1993 1961 2061 educet
2000 1995 2073 2061 in
2115 2017 2311 2082 agros

589 2080 835 2145 Aeoliis
880 2082 1142 2144 onerata
1182 2080 1393 2165 plagis
1434 2080 1720 2145 iumenta
1762 2100 1948 2145 canes
1993 2101 2103 2164 ue,

590 2162 794 2248 Surge
838 2167 904 2229 et
942 2163 1326 2228 inhumanae
1370 2164 1615 2228 senium
1667 2162 1913 2247 depone
2010 2184 2308 2251 amenas,

590 2245 794 2312 Cenes
836 2249 910 2311 ut
947 2248 1187 2331 pariter
1225 2247 1557 2331 pulmenta
1597 2246 1919 2313 laboribus
1961 2252 2207 2332 empta:

587 2329 894 2395 Romanis
937 2332 1245 2396 sollemne
1286 2331 1441 2396 viris
1486 2352 1644 2415 opus
1655 2379 1675 2415 ,
1727 2331 1882 2395 utile
1923 2332 2133 2397 famae

460 2426 529 2475 50
589 2412 901 2499 Vitaeque
944 2418 1010 2480 et
1051 2415 1383 2499 membris,
1429 2415 1801 2500 praesertim
1835 2436 1980 2480 cum
2022 2416 2235 2481 valeas
2282 2421 2352 2483 et

585 2496 708 2562 Vel
752 2519 940 2564 cursu
983 2520 1279 2583 superare
1323 2519 1546 2565 canem
1587 2499 1689 2564 vel
1729 2498 1968 2563 viribus
2011 2520 2238 2583 aprum

585 2580 823 2648 Possis.
910 2583 1094 2647 Adde
1135 2582 1347 2647 virilia
1389 2582 1558 2666 quod
1601 2582 1945 2667 speciosius
1988 2604 2166 2648 arma

582 2663 738 2730 Non
779 2668 878 2731 est
921 2667 1030 2749 qui
1070 2669 1332 2732 tractet:
1378 2667 1501 2732 scis
1512 2716 1531 2751 ‚
1577 2687 1701 2751 quo
1746 2667 2022 2731 clamore
2067 2687 2350 2735 coronae

581 2747 835 2815 Proelia
877 2751 1191 2816 sustineas
1235 2751 1641 2835 campestria3
1687 2749 1957 2834 denique
2001 2770 2258 2816 saevam

455 2843 524 2896 55
587 2830 887 2902 Militiam
928 2856 1086 2920 puer
1129 2838 1193 2900 et
1237 2835 1612 2901 Cantabrica
1652 2834 1823 2898 bella
1860 2833 2066 2899 tulisti

585 2915 715 2981 Sub
760 2917 918 2985 duce
929 2966 949 3003 ,
994 2919 1104 3003 qui
1144 2919 1402 3002 templis
1445 2918 1827 2983 Parthorum
1870 2919 2055 3003 signa
2096 2918 2320 3005 refigit

580 2998 648 3065 N
647 3022 772 3067 unc
815 3005 907 3086 et,
951 3001 1160 3087 siquid
1204 3003 1413 3086 abest,
1459 3002 1639 3067 Italis
1683 3002 1999 3067 adiudicat
2041 3003 2256 3068 armis.

583 3085 682 3149 Ac
753 3106 835 3149 ne
875 3089 940 3150 te
982 3086 1269 3152 retrahas
1316 3089 1381 3151 et
1421 3086 1869 3151 inexcusabilis
1912 3084 2113 3169 absis,

583 3167 884 3242 Quamvis
925 3170 1023 3234 nil
1066 3174 1244 3236 extra
1282 3191 1617 3235 numerum
1657 3170 1884 3235 fecisse
1925 3169 2318 3254 modumque

455 3265 524 3314 60
586 3251 786 3317 curas
796 3301 814 3335 ‚
860 3253 1174 3321 interdum
1216 3255 1478 3340 nugaris
1516 3274 1661 3319 rure
1704 3257 2001 3338 paterno:

579 3334 861 3401 Partitur
903 3337 1126 3404 lintres
1170 3338 1510 3422 exercitus,
1555 3338 1746 3402 Actia
1784 3358 2005 3423 pugna

581 3418 673 3483 Te
716 3420 872 3484 duce
913 3443 1029 3505 per
1068 3442 1300 3507 pueros
1342 3420 1563 3487 hostili
1603 3442 1781 3486 more
1822 3422 2123 3505 refertur,

578 3501 995 3570 Adversarius
1041 3509 1140 3572 est
1180 3506 1406 3593 frater,
1449 3507 1626 3571 lacus
1668 3505 1937 3593 Hadria,
1985 3505 2190 3578 donec
