2588 4046
487 258 572 323 92
1229 262 1623 319 cARMNVM
2298 260 2407 334 [vr

615 426 836 511 Nupta
877 426 1006 491 iam
1049 425 1220 490 dices
1264 429 1409 511 ‘ego
1454 424 1553 490 dis
1596 424 1901 509 amicum,

619 509 882 575 Saeculo
926 510 1122 574 festas
1165 509 1479 573 referente
1522 507 1724 592 luces,

615 594 889 659 Reddidi
932 615 1185 659 carmen
1229 591 1452 657 docilis
1497 592 1765 657 modoru

697 677 883 743 Vatis
926 677 1200 742 Horati.'
1315 734 1322 740 ,
1707 711 1710 714 Δ

1372 882 1532 956 VH.

616 997 791 1062 Diffu
839 1018 943 1062 ere
983 997 1162 1061 nives
1175 1044 1195 1081 ,
1237 996 1506 1061 redeunt
1547 995 1677 1061 iam
1718 996 2008 1082 gramina
2050 996 2295 1080 campis

701 1018 1180 1165 Arffioribusque
1225 1102 1476 1165 comae3

614 1164 825 1230 Mutat
866 1168 1035 1230 terra
1076 1164 1244 1229 vices
1289 1167 1355 1228 et
1398 1164 1825 1232 decrescentia
1864 1164 2036 1248 ripas

699 1248 998 1314 Flumina
1038 1251 1472 1333 praetereunt3

488 1377 522 1429 5
619 1366 839 1431 Gratia
881 1387 1026 1432 cum
1057 1366 1228 1450 Nym
1274 1366 1376 1430 his
1420 1366 1817 1451 geminisque
1861 1365 2182 1430 sororibus
2232 1365 2413 1431 audet

699 1450 947 1515 Ducere
988 1450 1160 1515 nuda
1204 1472 1238 1516 c
1286 1471 1454 1515 oros.

615 1533 988 1599 Inmortalia
1028 1555 1111 1599 ne
1155 1556 1369 1618 speres
1380 1583 1401 1632 ἵ
1444 1537 1667 1599 monet
1709 1531 1912 1598 annus
1958 1537 2022 1598 et
2063 1534 2308 1599 almum

702 1618 876 1693 Quae
917 1618 1086 1703 rapit
1126 1618 1287 1683 hora
1331 1618 1518 1683 diem.
2163 1648 2176 1659 ·

613 1734 723 1799 Fri
771 1756 883 1800 ora
923 1736 1269 1802 mitescunt
1307 1735 1643 1820 Zephyris,
1687 1757 1798 1801 ver
1839 1733 2109 1820 proterit
2149 1738 2361 1801 aestas

492 1831 556 1881 10
784 1820 1076 1904 teritum,
1122 1821 1312 1885 simul

613 1901 896 1968 Pomifer
939 1907 1277 1970 autumnus
1321 1904 1537 1989 fruges
1584 1904 1901 1988 effuderit,
1947 1907 2010 1968 et
2051 1924 2207 1968 mox

698 1986 938 2081 Brurna
979 1989 1247 2054 recurrit
1288 1988 1479 2054 iners.

613 2104 866 2171 Damna
903 2109 1119 2172 tamen
1163 2108 1395 2172 celeres
1438 2109 1737 2191 reparant
1779 2106 2075 2171 caelestia
2118 2106 2344 2192 luna-eg

697 2189 836 2255 Nos
912 2191 1023 2255 ubi
1066 2191 1414 2256 decidimus
1424 2239 1444 2275 ,
2027 2202 2033 2207 ’

490 2285 553 2335 15
619 2273 757 2350 Quo
846 2277 981 2339 ater
1022 2275 1307 2359 Aeneas,
1354 2295 1477 2359 quo
1524 2275 1697 2339 dives
1742 2274 1962 2338 Tullus
2007 2277 2071 2339 et
2112 2274 2338 2341 Ancus
2347 2323 2367 2358 ,

818 2358 914 2423 vis
959 2361 1024 2422 et
1064 2359 1288 2423 umbra
1331 2380 1566 2424 sumuS.

614 2474 769 2550 Quis
813 2475 936 2540 scit
977 2497 1061 2539 an
1103 2476 1383 2541 adiciant
1423 2475 1767 2540 hodiernae
1810 2476 2088 2541 crastina
2130 2496 2412 2541 summae

697 2558 1012 2642 Tempora
1057 2558 1121 2623 di
1166 2560 1426 2643 superi?

614 2641 861 2707 Cuncta
902 2665 1128 2707 manus
1157 2643 1375 2709 avidas
1417 2643 1672 2729 fugient
1713 2643 1962 2708 heredis
1974 2692 1994 2728 ,
2039 2644 2249 2710 amico

485 2737 552 2787 20
699 2725 872 2801 Quae
916 2726 1162 2791 dederis
1205 2728 1438 2792 animo,

612 2841 776 2908 Cum
819 2845 1016 2908 semel
1059 2844 1365 2909 occideris
1394 2847 1474 2909 ‘et
1516 2844 1595 2910 de
1636 2848 1703 2910 te
1747 2845 2080 2930 splendida
2122 2846 2341 2912 Minos

694 2926 943 2991 Fecerit
985 2928 1273 3012 arbitria,
1659 2943 1666 2950 ’

609 3009 792 3094 Non,
840 3010 1188 3095 Torquate,
1231 3030 1463 3098 genus,
1508 3033 1643 3077 non
1686 3016 1751 3078 te
1793 3013 2119 3097 facundia,
2171 3016 2311 3079 non
2351 3017 2410 3078 te

694 3093 1014 3159 Restituet
1053 3097 1287 3180 pietas:

483 3221 549 3272 25
614 3210 891 3276 Infernis
933 3234 1016 3278 ne
1059 3234 1139 3277 ue
1183 3215 1354 3278 enim
1397 3214 1678 3278 tenebris
1723 3215 1934 3279 Diana
1975 3215 2283 3300 pudicum

693 3293 952 3360 Liberat
1064 3297 1445 3382 ‘ppolytum,
1558 3310 1568 3319 ’

608 3377 674 3444 N
676 3399 747 3443 ec
789 3377 1068 3445 Lethaea
1111 3382 1280 3446 valet
1322 3381 1604 3447 Theseus
1649 3383 2023 3468 abrumpere
2067 3403 2214 3446 caro

691 3461 967 3528 Vincula
1008 3463 1315 3530 Pirithoo.
