2588 4046
423 275 551 340 230
1133 277 1644 334 Ems'rvmvu
2233 273 2355 346 [m.

427 708 492 757 55

430 1128 497 1177 ⁶0

433 1965 503 2022 '10

435 2387 501 2437 ‘15

551 441 641 508 Et
679 460 848 505 nova
888 440 1159 523 fictaque
1187 461 1391 524 nuper
1433 440 1760 504 habebunt
1794 438 1989 502 verba
2027 435 2238 521 fidem,
2253 458 2365 501 seu

555 527 797 591 Graeco
841 524 1020 588 fonte
1063 523 1293 588 cadent
1388 545 1531 588 arce
1574 523 1842 587 detorta.
1931 520 2097 596 Quid
2140 523 2358 584 autem

554 609 831 674 Caecilio
876 609 1228 691 Plautoque
1271 608 1353 672 da
1397 610 1450 671 it
1490 608 1848 688 Romanus,
1901 605 2273 688 ademptum

557 693 847 778 Vergilio
890 691 1255 789 Varioque?
1322 691 1466 776 Ego
1507 713 1647 774 cur,
1693 691 1775 754 ad
1818 690 2022 753 uirere
2063 710 2275 771 pauca

556 777 624 843 Si
652 799 942 861 possum,
988 777 1305 860 invideor,
1352 797 1495 840 cum
1528 776 1750 860 lingua
1833 773 2042 838 atonis
2086 774 2153 836 et
2179 771 2357 836 Enni

556 861 926 926 Sermonem
968 860 1246 943 patrium
1290 860 1589 924 ditaverit
1631 863 1695 923 et
1735 878 1906 923 nova
1945 877 2160 921 rerum

552 946 837 1011 Nomina
878 945 1260 1028 protulerit?
1326 943 1540 1008 Licuit
1583 963 1952 1026 semperque
1994 940 2219 1005 licebit

555 1029 894 1114 Signatum
935 1031 1267 1111 praesente
1309 1031 1467 1092 nota
1507 1027 1857 1110 producere
1898 1046 2154 1089 nomen.

558 1113 649 1177 Vt
694 1113 890 1178 silvae
934 1112 1107 1176 foliis
1150 1133 1388 1196 pronos
1431 1115 1762 1176 mutantur
1804 1111 1874 1174 in
1915 1121 2149 1191 annOS,

555 1198 771 1262 Prima
813 1197 1079 1262 cadunt:
1128 1197 1219 1260 ita
1259 1198 1597 1261 verborum
1639 1197 1821 1259 vetus
1872 1193 2092 1257 interit
2148 1196 2361 1276 aetas,

555 1282 644 1348 Et
686 1282 985 1346 iuvenum
1025 1281 1154 1344 ritu
1194 1280 1428 1345 florent
1468 1279 1658 1344 modo
1702 1282 1857 1342 nata
1903 1278 2272 1360 vigentque.

555 1365 879 1430 Debemur
919 1365 1110 1428 morti
1152 1385 1272 1429 nos
1315 1367 1676 1446 nostraque.
1765 1361 1910 1427 Sive
1951 1365 2250 1444 receptus

558 1449 754 1514 Terra
792 1449 1132 1532 Neptunus
1176 1449 1410 1512 classes
1451 1446 1877 1531 Aquilonibus
1920 1447 2122 1527 arcet,

560 1534 757 1619 Regis
803 1555 992 1617 opus,
1037 1533 1348 1597 sterilisve
1373 1534 1480 1597 diu
1513 1532 1740 1616 †palus
1766 1533 2034 1615 aptaque
2076 1529 2277 1594 remis

557 1617 821 1683 Vicinas
862 1617 1051 1682 urbes
1096 1617 1211 1681 alit
1254 1619 1321 1681 et
1360 1636 1553 1700 grave
1598 1615 1794 1679 sentit
1834 1617 2141 1696 aratrum,

559 1701 687 1766 Seu
729 1722 982 1766 cursum
1023 1701 1294 1766 mutavit
1336 1700 1626 1782 iniquum
1668 1698 1958 1783 frugibus
2000 1699 2240 1782 amnis,

559 1785 805 1851 Doctus
848 1787 971 1850 iter
1010 1785 1266 1870 melius3
1313 1784 1611 1848 mortalia
1651 1782 1824 1848 facta
1864 1782 2197 1866 peribunt:

558 1869 814 1935 Nedum
856 1890 1221 1934 sermonum
1263 1870 1391 1933 stet
1430 1867 1638 1932 honos
1681 1870 1747 1931 et
1903 1866 1994 1930 tia
2034 1868 2243 1930 vivax.

566 1953 771 2019 Multa
811 1955 1225 2018 renascentur
1266 1973 1428 2038 quae
1469 1951 1599 2016 iam
1641 1887 1922 2015 ceciffergae
2002 1949 2363 2035 cadentque

561 2039 737 2115 Quae
766 2059 939 2103 nunc
968 2041 1118 2102 sunt
1144 2039 1214 2102 in
1246 2037 1490 2102 honore
1517 2036 1853 2118 vocabula,
1900 2034 1957 2098 si
1982 2035 2158 2099 volet
2185 2057 2362 2118 usuS,

560 2123 766 2198 Quem
806 2143 1002 2207 penes
1032 2122 1426 2187 arbitriumst
1452 2124 1519 2185 et
1545 2121 1643 2185 ius
1673 2123 1739 2184 et
1764 2140 1992 2183 norma
2032 2119 2361 2202 loquendi.

560 2207 690 2271 Res
733 2209 953 2291 gestae
994 2227 1342 2291 regumque
1386 2204 1741 2288 ducumque
1785 2207 1851 2267 et
1890 2203 2103 2267 tristia
2144 2203 2321 2267 bella

561 2290 702 2365 Quo
732 2290 923 2354 scribi
964 2293 1229 2373 possent
1268 2310 1564 2368 numero,
1607 2288 1987 2352 monstravit
2016 2285 2362 2353 Homerus.

562 2373 868 2439 Versibus
910 2375 1216 2457 inpariter
1256 2374 1490 2438 iunctis
1534 2372 1931 2456 querimonia
1969 2371 2280 2456 primum,

560 2458 720 2523 Post
761 2459 954 2522 etiam
995 2458 1305 2522 inclusast
1343 2457 1480 2521 voti
1522 2456 1840 2521 sententia
1883 2476 2176 2541 compos3

562 2542 719 2617 Quis
760 2545 980 2606 tamen
1022 2542 1284 2626 exiguos
1330 2542 1546 2624 elegos
1589 2540 1871 2604 emiserit
1912 2543 2133 2604 auctor
2146 2589 2166 2623 ,

562 2626 978 2691 Grammatici
1020 2630 1266 2691 certant
1309 2629 1373 2689 et
1414 2624 1620 2689 adhuc
1664 2624 1782 2689 sub
1825 2623 2030 2688 iudice
2073 2624 2155 2687 lis
2200 2629 2320 2690 est.

562 2710 1020 2775 Archilochum
1061 2710 1321 2793 proprio
1363 2709 1570 2774 rabies
1614 2708 1886 2773 armavit
1924 2707 2169 2771 iambo:

565 2794 757 2859 Hunc
799 2794 971 2859 socci
1014 2814 1237 2876 cepere
1278 2793 1507 2876 pedem
1547 2791 1944 2878 grandesque
1989 2790 2324 2875 cothurni,

562 2878 849 2942 Alternis
894 2881 1114 2962 aptum
1158 2877 1556 2942 sermonibus
1600 2880 1666 2940 et
1705 2876 2044 2960 populares

560 2961 943 3027 Vincentem
985 2962 1285 3045 strepitus
1330 2964 1396 3026 et
1436 2964 1659 3025 natum
1700 2960 1890 3026 rebus
1935 2959 2219 3045 agendis.

560 3046 750 3110 Musa
789 3045 966 3109 dedit
1006 3045 1236 3109 fidibus
1280 3045 1460 3110 divos
1501 3065 1858 3129 puerosque
1900 3044 2164 3109 deorum

560 3128 649 3194 Et
689 3130 975 3225 pugilem
1007 3130 1312 3194 victorem
1342 3132 1406 3192 et
1434 3150 1666 3212 equum
1695 3128 2040 3193 certamine
2082 3129 2364 3212 primum

564 3212 653 3278 Et
693 3234 993 3277 iuvenum
1036 3234 1217 3277 curas
1260 3218 1327 3277 et
1368 3212 1567 3277 libera
1608 3212 1759 3277 vina
1798 3212 2053 3277 referre.

560 3296 931 3381 Descriptas
974 3319 1224 3361 servare
1266 3297 1437 3361 vices
1480 3317 1869 3380 operumque
1914 3297 2194 3379 colores,

561 3380 690 3445 Cur
734 3401 887 3465 ego,
934 3380 991 3445 si
1030 3403 1112 3445 ne
1157 3402 1276 3445 ueo
1320 3381 1704 3466 ignoroque,
1755 3383 1948 3464 poeta
1989 3380 2278 3446 salutor‘?

562 3464 693 3530 Cur
732 3465 977 3529 nescire
1019 3487 1108 3548 pu
1154 3486 1265 3530 ens
1308 3486 1503 3549 prave
1547 3486 1736 3547 quam
1779 3464 2022 3529 discere
2063 3464 2281 3528 malo?

560 3547 867 3614 Versibus
912 3549 1146 3633 exponi
1187 3549 1451 3634 tragicis
1494 3568 1597 3613 res
1641 3548 1886 3614 comica
1927 3569 2062 3613 non
2108 3548 2278 3633 vult3
