2588 4046
222 246 473 320 imm]
1028 248 1244 304 maa
1284 249 1330 307 1.
2022 243 2146 307 213

218 411 452 477 Libera
484 429 610 506 per
650 429 921 476 vacuum
963 411 1149 495 posui
1190 410 1465 496 vestigia
1511 410 1731 495 prince
1778 432 1839 495 s,

215 495 374 562 Non
415 494 626 559 ahena
664 514 808 558 meo
851 495 1058 578 pressi
1099 493 1278 578 pede.
1369 494 1493 570 Qui
1538 494 1661 559 sibi
1749 496 1871 577 dit,

216 579 369 644 Dux
409 578 578 663 regit
621 598 904 643 examen.
991 578 1214 642 Parios
1259 599 1381 664 ego
1423 578 1667 663 primus
1709 578 1956 644 iambos

217 661 489 729 Ostendi
529 660 744 745 Latio,
789 681 1088 727 numeros
1132 662 1506 747 animosque
1549 665 1800 728 secutus

215 744 592 812 Archilochi
605 795 624 830 ‚
666 766 802 810 non
842 766 943 811 res
989 748 1054 811 et
1095 746 1354 831 agentia
1394 746 1588 811 verba
1627 746 2011 830 Lycamben.
2078 760 2143 809 25

215 832 317 896 Ac
360 851 444 895 ne
486 850 590 893 me
633 830 806 894 foliis
849 830 993 894 ideo
1036 830 1428 895 brevioribus
1472 851 1695 914 ornes,

216 914 407 991 Quod
447 913 636 977 timui
677 916 923 978 mutare
965 913 1191 978 modos
1236 918 1304 978 et
1345 914 1644 978 carminis
1687 916 1918 979 artem:

215 998 562 1082 Temperat
580 996 953 1062 Archilochi
974 1018 1218 1062 musam
1250 997 1411 1081 pede
1432 998 1718 1063 mascula
1738 997 2017 1082 Sappho,

217 1082 563 1166 Temperat
602 1080 908 1165 Alcaeus,
955 1081 1067 1145 sed
1108 1081 1299 1146 rebus
1344 1083 1409 1145 et
1451 1082 1673 1146 ordine
1718 1081 1963 1166 dispar,

213 1166 357 1233 Nec
387 1186 677 1231 socerum
717 1166 992 1249 quaerit,
1079 1185 1226 1229 uem
1253 1165 1540 1230 versibus
1569 1164 1816 1229 oblinat
1843 1165 2018 1249 atris,
2077 1178 2145 1227 30

213 1250 357 1317 Nec
401 1269 674 1334 sponsae
716 1249 1010 1333 laqueum
1081 1269 1300 1313 amose
1345 1250 1622 1313 carmine
1664 1249 1889 1315 nectit.

216 1333 412 1399 Hunc
457 1354 577 1419 ego
588 1381 607 1415 ,
651 1353 784 1397 non
828 1333 954 1397 alio
1000 1332 1240 1397 dictum
1280 1333 1457 1416 prius
1503 1353 1643 1417 ore,
1686 1333 1922 1398 latinus

215 1417 500 1503 Volgavi
541 1416 801 1501 fidicen3
844 1417 1019 1481 iuvat
1057 1417 1477 1481 inmemorata
1516 1418 1827 1482 ferentem

216 1501 526 1599 Ingenuis
570 1500 894 1583 oculisque
937 1500 1069 1597 legi
1109 1501 1527 1584 manibusque
1569 1503 1794 1566 teneri.

217 1585 398 1651 Sc1re
439 1584 629 1669 velis,
672 1605 815 1649 mea
857 1605 969 1649 cur
1010 1587 1301 1669 mgratus
1345 1584 1651 1668 opuscula
1691 1585 1894 1649 lector
2076 1596 2142 1647 35

215 1669 464 1735 Laudet
491 1671 785 1753 ametque
813 1666 1005 1750 domi,
1079 1671 1284 1733 remat
1311 1671 1488 1732 extra
1514 1668 1714 1732 limen
1740 1668 2016 1753 iniquus.

215 1753 372 1820 Non
417 1774 537 1850 ego
579 1755 882 1817 ventosae
924 1753 1029 1835 ple
1074 1752 1132 1816 is
1176 1751 1479 1836 suffragia
1520 1771 1718 1816 venor

219 1837 514 1922 Inpensis
558 1858 856 1902 cenarum
901 1838 968 1900 et
1007 1836 1196 1900 tritae
1238 1856 1500 1900 munere
1543 1836 1767 1920 vesfis3

217 1922 374 1989 Non
417 1942 536 2007 ego
549 1970 568 2005 ‚
611 1920 924 1985 nobilium
969 1920 1093 1985 scri
1137 1922 1354 1984 torum
1396 1919 1645 1984 auditor
1688 1921 1753 1984 et
1793 1920 1994 2004 ultor,

221 2005 684 2072 Grammaticas
728 2004 967 2071 ambire
1010 1942 1213 2070 trigue
1259 2006 1325 2068 et
1364 2003 1615 2087 pulpita
1658 2002 1921 2088 dignor:
2076 2014 2144 2068 40

217 2090 390 2156 Hinc
432 2091 579 2154 illae
621 2090 936 2154 lacrimae.
1025 2087 1286 2173 ‘Spissis
1329 2088 1398 2151 in
1448 2088 1461 2101 '
1638 2087 1934 2171 theatris,

221 2174 358 2240 Scri
403 2177 472 2239 ta
511 2173 710 2259 pudet
747 2173 1014 2238 recitare
1058 2175 1125 2237 et
1163 2172 1355 2257 nugis
1481 2172 1627 2236 dere
1670 2172 1945 2255 pondus’

221 2257 291 2324 Si
334 2197 498 2343 «fixi,
546 2257 759 2322 ‘rides’
804 2257 922 2341 ait,
969 2258 1059 2321 ‘et
1100 2256 1271 2320 Iovis
1316 2255 1573 2321 auribus
1615 2255 1742 2320 ista

222 2341 478 2408 Sel-vas:
523 2340 665 2406 fidis
710 2342 909 2425 enim,
952 2361 1211 2405 manare
1302 2340 1506 2405 oetica
1547 2339 1742 2406 mella

219 2425 312 2491 Te
340 2427 546 2491 solum
558 2475 577 2510 ‚
606 2425 726 2489 tibi
754 2424 1061 2510 pulcher?
1122 2423 1228 2487 Ad
1393 2444 1427 2489 c
1456 2445 1576 2509 ego
1616 2423 1875 2488 naribus
1919 2424 2014 2487 uti
2078 2434 2143 2486 45

223 2508 522 2575 Formido
568 2511 661 2593 et,
705 2509 1006 2574 luctantis
1051 2510 1238 2573 acuto
1280 2529 1364 2572 ne
1408 2528 1584 2571 secer
1624 2507 1856 2591 ungui,

226 2594 564 2678 ‘Displicet
604 2593 724 2657 iste
767 2593 969 2658 locus’
1015 2593 1220 2657 clamo
1265 2594 1330 2655 et
1372 2591 1608 2655 diludia
1648 2611 1865 2675 posco,

223 2677 436 2743 Ludus
481 2677 651 2742 enim
693 2677 920 2774 genuit
958 2671 1278 2761 trepidum
1319 2677 1638 2740 certamen
1681 2677 1745 2739 et
1785 2674 1976 2759 iram,

224 2761 326 2827 Ira
367 2765 578 2828 truces
620 2760 986 2825 inimicitias
1031 2762 1097 2825 et
1137 2758 1404 2824 funebre
1446 2759 1703 2823 bellum.

1092 3049 1252 3123 XX.

224 3184 644 3250 Vertumnum
683 3180 911 3246 Ianum
954 3201 1064 3264 ue,
1109 3178 1305 3263 liber,
1352 3182 1638 3264 spectare
1681 3179 1946 3263 videris,

225 3268 481 3334 Scilicet
520 3269 595 3331 ut
633 3268 883 3350 prostes
975 3264 1255 3329 osiorum
1302 3263 1554 3348 pumice
1595 3263 1891 3329 mundus.

226 3352 430 3418 Odisti
475 3351 683 3415 claves
727 3352 793 3414 et
833 3352 1018 3435 grata
1060 3348 1275 3433 sigilla
1316 3347 1579 3432 pudico;

224 3436 447 3502 Paucis
490 3432 742 3499 ostendi
784 3433 990 3519 gemis
1034 3434 1099 3496 et
1142 3431 1505 3496 communia
1545 3431 1795 3515 laudae,

228 3520 371 3586 Non
414 3520 507 3584 ita
548 3517 844 3583 nutritus.
931 3516 1111 3602 Fuge
1185 3536 1311 3601 quo
1357 3514 1735 3580 descendere
1778 3515 2008 3601 gestis:
2108 3526 2142 3577 5
