2588 4046
480 204 599 271 130
1223 203 1647 260 SATIRARVM
2303 203 2390 277 sn,

602 370 783 447 Quod
837 368 1138 455 pulchrae
1183 368 1433 450 clunes,
1488 366 1677 432 breve
1733 366 1902 464 quod
1947 368 2162 452 caput,
2209 366 2391 431 ardua

1692 471 1923 516 cerle.

501 554 567 604 90
594 540 736 604 Hoc
779 539 876 603 illi
917 540 1117 622 recte3
1162 557 1244 601 ne
1289 556 1364 600 co
1444 535 1573 600 oris
1617 535 1861 619 optima
1901 534 2137 619 Lyncei

600 622 1048 705 Contemplere
1092 620 1292 686 oculis
1307 669 1325 704 ,
1438 640 1675 704 ypsaea
1718 619 1963 684 caecior
2006 621 2145 702 illa,

599 708 773 784 Quae
814 707 985 772 mala
1027 706 1206 788 sunt,
1261 707 1527 788 spectes.
1624 703 1752 853 ‘OV
1762 725 1935 787 crus,
1972 723 2009 766 o
2050 704 2392 769 bracchial'

782 824 795 833 -
1753 809 1929 852 erum

595 876 883 961 Depugis
897 924 915 959 ,
959 876 1211 956 nasuta,
1257 872 1435 938 brevi
1479 872 1674 936 latere
1721 891 1795 936 ac
1838 872 1999 955 pede
2042 873 2321 958 longost.

598 961 933 1026 Matronae
977 961 1228 1042 praeter
1269 957 1500 1021 faciem
1542 955 1636 1020 nil
1681 977 1937 1021 cernere
1978 957 2220 1041 possis,

499 1060 561 1108 95
595 1044 849 1128 Cetera,
892 1044 962 1107 ni
1007 1041 1278 1124 Catiast,
1326 1040 1602 1105 demissa
1644 1042 1818 1111 veste
1860 1041 2159 1125 tegentis.

596 1128 666 1194 Si
707 1127 1048 1193 interdicta
1089 1129 1299 1209 petes,
1343 1125 1511 1191 vallo
1559 1124 1978 1209 circumdata,
2021 1146 2176 1190 nam
2219 1129 2284 1190 te

593 1212 738 1277 Hoc
781 1212 939 1276 facit
978 1212 1305 1294 insanum,
1349 1208 1587 1274 multae
1632 1208 1751 1273 tibi
1793 1211 1931 1273 tum
1962 1210 2251 1275 officient
2277 1230 2393 1290 res,

594 1295 935 1380 Custodes,
981 1296 1234 1379 lectica,
1282 1293 1639 1376 ciniflones,
1684 1293 2027 1377 parasitae,
2213 1353 2221 1363 ,

590 1379 695 1443 Ad
738 1381 903 1444 talos
949 1380 1116 1444 stola
1160 1378 1435 1443 demissa
1477 1381 1543 1442 et
1585 1377 1973 1444 circumdata
2012 1378 2219 1462 palla,

470 1479 566 1529 100
594 1462 904 1547 Plurima,
951 1484 1113 1548 quae
1152 1462 1483 1527 invideant
1534 1483 1690 1545 pure
1734 1462 2034 1546 adparere
2077 1462 2200 1526 tibi
2244 1483 2392 1527 rem.

592 1549 843 1631 Altera,
888 1548 982 1611 nil
1026 1547 1266 1613 obstat:
1313 1546 1461 1612 Cois
1506 1545 1626 1610 tibi
1679 1566 1883 1629 paene
1925 1545 2207 1611 viderest

590 1630 679 1696 Vt
720 1632 986 1715 nudam,
1029 1653 1111 1696 ne
1157 1652 1337 1697 crure
1379 1630 1581 1714 malo,
1626 1651 1707 1694 ne
1752 1630 1837 1694 sit
1878 1630 2037 1715 pede
2080 1632 2287 1716 turpi3

532 1754 544 1763 ·
589 1715 804 1780 Metiri
843 1716 1054 1801 possis
1099 1716 1283 1780 oculo
1330 1715 1515 1779 latus.
1604 1714 1712 1778 An
1754 1714 1875 1779 tibi
1917 1714 2119 1779 mavis

588 1799 861 1864 Insidias
905 1801 1042 1865 fieri
1085 1800 1485 1883 pretiumque
1530 1798 1786 1863 avellier
1830 1801 1978 1863 ante

466 1897 559 1948 105
593 1883 795 1959 Quam
838 1905 1113 1949 mercem
1145 1883 1437 1949 ostendi?
1492 1882 1826 1966 ‘Leporem
1860 1885 2125 1948 venator
2153 1888 2228 1950 ut
2269 1886 2391 1950 alta

587 1967 665 2032 In
707 1968 855 2034 nive
899 1971 1202 2052 sectetur,
1248 1968 1528 2053 positum
1574 1967 1666 2033 sic
1708 1970 1971 2054 tangere
2012 1968 2236 2054 nolit,’

588 2051 819 2117 Cantat
846 2056 909 2118 et
938 2054 1205 2138 adponit
1226 2057 1429 2117 ‘meus
1451 2055 1550 2117 est
1569 2074 1746 2117 amor
1773 2052 1922 2118 huic
1952 2053 2215 2119 similis:
2246 2075 2388 2120 nam

586 2135 965 2202 Transvolat
1005 2139 1076 2201 in
1117 2137 1329 2202 medio
1373 2137 1584 2222 posita
1629 2140 1692 2201 et
1733 2136 2047 2222 fugientia
2084 2141 2348 2222 captat?

584 2219 849 2286 Hiscine
893 2221 1220 2286 versiculis
1266 2243 1485 2305 speras
1529 2220 1647 2285 tibi
1689 2241 1880 2305 posse
1924 2221 2175 2286 dolores

461 2318 559 2369 110
587 2305 800 2388 Atque
848 2309 1059 2370 aestus
1105 2326 1409 2389 curasque
1453 2326 1680 2391 graves
1726 2327 1760 2370 e
1800 2307 2059 2389 pectore
2101 2306 2296 2371 tolli?

584 2387 850 2473 Nonne,
896 2389 1297 2473 cupidinibus
1337 2392 1575 2454 statuat
1612 2391 1841 2454 natura
1877 2389 2138 2455 modum
2182 2412 2385 2475 quem,

585 2472 752 2548 Quid
795 2474 1001 2537 latura
1045 2473 1197 2557 sibi,
1286 2473 1398 2538 uid
1442 2474 1527 2539 sit
1569 2474 1845 2538 dolitura
1885 2477 2222 2558 negatum,

585 2557 897 2632 Quaerere
939 2558 1084 2656 plus
1128 2578 1244 2641 pro
1290 2561 1391 2622 est
1421 2561 1485 2623 et
1527 2558 1718 2623 inane
1763 2557 2133 2623 abscindere
2161 2557 2382 2624 soldo?

585 2641 644 2706 N
651 2664 759 2706 um
835 2642 957 2706 tib1
1001 2663 1145 2706 cum
1186 2641 1402 2707 fauces
1445 2642 1575 2706 urit
1617 2642 1787 2726 sitis,
1834 2663 2022 2707 aurea
2064 2644 2313 2726 quaeris

459 2737 554 2788 115
586 2691 870 2791 Pocula?
915 2748 1071 2790 num
1116 2726 1400 2791 esuriens
1444 2725 1695 2791 fastidis
1741 2727 1957 2791 omnia
1998 2730 2254 2810 praeter

581 2810 904 2876 Pavonem
931 2809 1392 2894 rhombumque
1405 2810 1438 2873 *Ρ
1485 2810 1761 2875 Tument
1787 2811 1906 2876 tibi
1929 2832 2072 2908 cum
2094 2812 2382 2896 inguina,

1671 2916 1827 2959 num
1904 2916 1959 2958 s1

582 2978 837 3042 Ancilla
864 2981 972 3043 aut
1000 2981 1256 3043 vernast
1282 2981 1537 3063 praesto
1567 3000 1753 3076 puer,
1794 2944 2067 3063 impetus
2097 2979 2167 3043 in
2196 2999 2379 3063 quem

582 3062 903 3128 Continuo
948 3063 1090 3146 fiat,
1134 3064 1319 3127 malis
1362 3064 1525 3127 tenti
1644 3084 1677 3127 e
1720 3063 1974 3147 rumpi?

580 3146 732 3211 Non
774 3167 927 3231 ego:
992 3168 1266 3231 namque
1316 3148 1532 3231 parab'
1562 3169 1694 3296 eml
1706 3168 1849 3212 amo
1893 3168 2187 3213 venerem
2232 3147 2379 3211 faci-

1695 3253 1795 3296 em
1838 3253 1937 3296 ue.

456 3325 551 3375 120
581 3314 768 3378 Illam
813 3314 990 3379 ‘Post
1078 3316 1311 3401 aullo’3
1354 3316 1503 3381 ‘Sed
1546 3254 1950 3400 pluris'3q‘Si
1993 3316 2218 3381 exierit
2261 3315 2376 3379 vir’

579 3398 799 3483 Gallis,
831 3397 996 3463 hanc
1012 3338 1423 3465 ffirilodemus
1446 3400 1537 3464 ait
1558 3400 1700 3484 sibi,
1733 3421 1891 3484 quae
1909 3421 2116 3484 neque
2141 3418 2373 3496 magno

578 3481 717 3547 Stet
756 3483 964 3565 pretio
1009 3505 1217 3568 neque
1261 3487 1619 3570 cunctetur,
1677 3487 1885 3550 cumst
1926 3485 2100 3550 iussa
2142 3502 2370 3549 vemre.
