2588 4046
162 247 263 320 xi]
921 246 1135 302 mena
1177 247 1273 304 111.
1989 243 2080 310 65

161 408 289 472 Vna
331 406 409 472 de
453 408 672 472 multis
717 407 857 472 face
900 407 1175 491 nuptiali

161 491 227 556 D·
396 493 721 576 periurum
764 491 887 555 fuit
928 491 998 556 in
1039 494 1368 576 parentem

163 576 232 660 Sp
258 576 483 641 endide
527 575 800 640 mendax
845 579 910 640 et
951 576 1021 640 in
1064 596 1251 641 omne
1296 578 1474 663 virgo
2006 590 2075 642 85

227 660 480 725 Nobilis
525 681 780 743 aevum,

164 776 394 862 ‘Surge'
444 798 605 860 quae
651 777 813 841 dixit
853 778 1065 842 iuveni
1093 779 1356 862 marito,

163 860 400 946 ‘Surge,
444 882 528 926 ne
570 862 802 946 longus
847 861 964 925 tibi
1010 883 1303 947 somnus,
1347 863 1516 928 unde

164 943 294 1009 Non
334 946 555 1029 times,
603 945 813 1030 detur3
861 966 1148 1010 socerum
1193 950 1258 1011 et
1301 948 1599 1012 scelestas

232 1028 402 1094 Falle
448 1050 725 1113 sorores,
2004 1046 2075 1096 ω

164 1144 338 1226 Quae,
358 1146 534 1211 velut
574 1150 800 1211 nactae
844 1147 1077 1213 vitulos
1120 1149 1411 1226 leaenae,

166 1228 445 1377 {fflinffissos
492 1230 653 1294 eheu
697 1231 1010 1296 lacerant:
1057 1252 1176 1317 ego
1221 1233 1349 1296 illis

226 1334 259 1377 o
330 1334 401 1378 or
441 1335 561 1379 nee
605 1317 669 1378 te
712 1314 934 1379 feriam
976 1336 1181 1399 neque
1226 1317 1398 1381 intra

239 1396 522 1462 Claustra
563 1398 813 1463 tenebo.
881 1414 884 1417 ’

169 1513 259 1577 Me
298 1519 473 1580 nater
520 1516 723 1580 saevis
770 1519 989 1581 oneret
1034 1518 1307 1601 eatenis,
2004 1533 2072 1584 4⁶

169 1584 332 1672 Quofl
372 1601 507 1664 viro
555 1600 832 1664 clemens
875 1601 1107 1665 misero
1151 1603 1436 1687 peperci3

170 1679 260 1746 Me
299 1684 393 1747 vel
436 1686 751 1748 extremos
794 1683 1216 1749 Numidarum
1259 1686 1330 1750 in
1374 1707 1562 1772 agros

243 1765 448 1832 Classe
490 1768 751 1853 releget.

171 1880 223 1963 Ι,
260 1885 440 1966 pedes
488 1906 612 1968 quo
658 1888 721 1949 te
764 1907 835 1949 ra
882 1886 1024 1949 iunt
1067 1889 1130 1950 et
1174 1908 1392 1971 aurae,

171 1964 316 2032 Dum
357 1970 530 2034 favet
567 1974 702 2034 'nox
747 1973 811 2034 et
916 1991 1100 2056 enus3
1146 1971 1168 2035 i
1214 1971 1490 2037 secundo
2004 1986 2074 2039 50

172 2049 400 2136 Omine,
447 2056 514 2118 et
554 2054 760 2117 nostri
804 2075 1149 2119 memorem
1195 2057 1483 2142 sepulcro

239 2135 448 2221 Scalpe
494 2138 881 2220 querellam.’

1013 2311 1171 2386 XII.

173 2420 582 2489 Miserarumst
623 2446 742 2490 nec
787 2426 984 2491 amori
1030 2426 1176 2490 dare
1219 2425 1439 2489 ludum
1483 2447 1689 2509 neque
1735 2423 1908 2489 dulei
1945 2423 1957 2507 Ι

172 2508 313 2572 mala
350 2511 499 2573 vino
545 2509 755 2572 lavere
785 2512 895 2571 aut
930 2508 1278 2572 exanimari
1307 2510 1661 2572 metuentes
1695 2511 1702 2593 Ι
1735 2511 2001 2592 patruae

173 2591 402 2657 verbera
443 2594 725 2678 linguae.

172 2704 293 2774 Tibi
333 2711 589 2794 qualum
624 2708 970 2792 Cythereae
999 2730 1157 2793 puer
1187 2710 1346 2793 aleS,
1391 2709 1512 2774 tibi
1543 2710 1704 2773 telas
1780 2730 2001 2794 opero·

174 2794 732 2942 ἫαέΜῧθΠαε
777 2794 1054 2858 studium
1097 2793 1324 2876 aufert,
1346 2793 1678 2879 Neobule,{
1769 2794 2003 2878 ‘pm-aei

175 2893 230 2937 m
290 2899 320 2940 1·
421 2900 453 2943 e
498 2900 555 2943 r1

179 2988 351 3059 Simul
377 2999 603 3061 unetos
625 2994 942 3060 Tiberinis
965 3017 1215 3060 umeros
1245 2996 1401 3060 lavit
1425 2996 1493 3059 in
1514 2993 1732 3077 undiS,
1767 2994 1775 3081 Ι
1810 3015 2001 3079 eques

179 3072 297 3157 ipso
353 3081 574 3159 melior
625 3078 1152 3164 Bellerophonte,
1220 3101 1425 3163 neque
1485 3099 1701 3164 pugno
1746 3078 1754 3163 Ι
1797 3100 2004 3162 neque

183 3162 337 3244 segni
373 3164 529 3247 pede
575 3163 777 3229 vietus
788 3212 806 3247 ,

184 3272 349 3343 Catus
397 3282 565 3344 idem
616 3301 732 3364 per
775 3283 1065 3365 apertum
1119 3281 1439 3367 fugientes
1487 3281 1725 3365 agitato
1762 3283 1769 3364 Ι
1800 3302 1997 3430 {rege
2038 3298 2081 3345 ⁴

187 3377 369 3457 certos
419 3365 679 3429 iaculari
734 3368 799 3430 et
852 3365 1016 3431 eeler
1070 3369 1205 3429 arto
1262 3365 1619 3429 latitantem
1659 3364 1667 3449 Ι
1706 3366 1807 3429 fru
1842 3365 2000 3431 'ceto

190 3460 432 3528 exmpere
474 3470 715 3533 aprum.

271 3611 496 3658 Bon-nvn.
1737 3623 1767 3671 5
