2588 4046
455 224 582 290 208
1182 226 1704 302 nemmem
2187 224 2399 298 [xm.

584 390 950 460 Mol-dacem
993 388 1306 473 Cynicum
1351 390 1443 455 sic
1485 389 1808 472 eludebat,
1854 391 1926 453 ut
1967 387 2177 454 aiimt:

587 474 874 542 ‘Seurror
903 495 1022 560 ego
1065 474 1203 558 ipse
1232 474 1392 540 mihi
1465 473 1705 558 populo
1750 475 1852 538 tu:
1895 473 2130 537 rectius
2161 472 2286 537 hoc
2328 476 2401 537 et

484 573 553 622 20
584 557 989 642 Splendidius
1019 559 1303 624 multost.
1363 522 1584 641 Elquus
1614 561 1688 622 ut
1708 578 1812 622 me
1839 560 2072 641 portet,
2100 557 2237 620 alat
2262 577 2398 639 rex,

585 642 884 709 Officium
926 642 1124 727 faci03
1176 644 1250 706 tu
1290 642 1503 725 poscis
1545 642 1698 706 vilia
1738 662 1984 723 rerum,

584 727 795 791 Dante
837 727 1074 809 minor,
1120 725 1411 808 quamvis
1450 726 1580 790 fers
1622 728 1688 790 te
1728 726 1970 790 nullius
2014 727 2360 810 egentem)
2404 747 2415 754 ⁴

586 811 810 876 Omnis
860 809 1256 893 Aristippum
1283 809 1510 876 ,decuit
1564 809 1741 874 color
1782 812 1849 873 et
1878 811 2104 892 status
2146 812 2219 872 et
2259 830 2397 887 res,

587 896 1035 979 Temptantem
1076 894 1321 960 maiora
1370 894 1529 979 fere,
1576 893 2016 977 praesentibus
2059 913 2353 975 aequum.

486 994 553 1043 25
586 979 854 1062 Contra,
900 999 1088 1061 quern
1129 977 1371 1061 duplici
1412 998 1629 1061 panno
1672 977 1983 1061 patientia
2022 976 2229 1059 velat,

589 1063 874 1128 Mirabor
885 1110 904 1146 ,
949 1062 1118 1127 vitae
1160 1062 1267 1126 via
1311 1062 1367 1125 si
1412 1082 1718 1126 conversa
1760 1061 2025 1126 decebit.

584 1149 770 1212 Alter
810 1167 1199 1230 purpureum
1240 1166 1377 1211 non
1420 1146 1813 1243 exspectabit
1854 1144 2188 1228 amictum,

586 1231 910 1308 Quidlibet
950 1229 1208 1296 indutus
1254 1229 1679 1294 celeberrima.
1702 1251 1819 1328 per
1859 1229 2002 1294 loca
2042 1229 2266 1313 vadet,

584 1316 1056 1397 Personamque
1099 1314 1263 1378 feret
1301 1333 1438 1379 non
1479 1314 1900 1379 inconcinnus
1942 1316 2309 1398 utramque3

489 1414 558 1463 30
586 1400 771 1463 Alter
811 1397 1019 1462 Mileti
1063 1400 1306 1464 textam
1350 1419 1505 1462 cane
1547 1398 1726 1481 peius
1772 1400 1837 1462 et
1878 1419 2084 1482 angue

587 1482 837 1550 Vitabit
879 1480 1278 1565 chlamydem
1291 1532 1310 1561 ,
1357 1480 1663 1548 morietur
1705 1482 1975 1566 frigore,
2021 1484 2076 1547 si
2117 1501 2256 1546 non

586 1566 933 1632 Rettuleris
974 1587 1279 1649 pannum.
1367 1566 1561 1632 Refer
1604 1568 1671 1631 et
1712 1566 1848 1629 sine
1889 1566 2063 1629 vivat
2104 1566 2392 1649 ineptus!

582 1651 711 1716 Res
753 1669 975 1736 gerere
1019 1653 1083 1714 et
1127 1671 1202 1714 ca
1245 1653 1348 1715 tos
1394 1650 1727 1716 ostendere
1769 1649 2009 1714 civibus
2052 1649 2275 1714 hostes
2288 1697 2308 1734 ‚

583 1735 874 1832 Attingit
915 1735 1147 1799 solium
1223 1734 1361 1799 ovis
1406 1736 1472 1799 et
1513 1734 1814 1799 caelestia
1855 1735 2156 1817 temptat:

486 1832 552 1882 85
581 1818 984 1902 Princlpibus
1073 1818 1343 1883 lacuisse
1386 1818 1539 1882 viris
1581 1838 1716 1882 non
1757 1817 1983 1882 ultim-a
2023 1817 2165 1881 laus
2212 1820 2326 1883 est.

584 1904 738 1969 Non
781 1901 977 1968 cuivis
1067 1902 1266 1966 omini
1313 1901 1633 1986 contingit
1676 1901 1849 1966 adire
1893 1899 2295 1967 Corinthum.

589 1987 768 2054 Sedit
810 1987 918 2071 qui
960 1986 1203 2069 timuit,
1248 2007 1332 2051 ne
1374 2007 1509 2051 non
1544 1985 1942 2059 succederet:
1989 1988 2144 2052 esto·

586 2071 800 2149 Quid?
847 2071 955 2154 qui
996 2071 1290 2154 pervenit
1330 2070 1567 2135 fecitne
1607 2070 1916 2135 viriliter?
1981 2072 2042 2135 A
2115 2071 2184 2135 ui

583 2156 708 2221 Hic
737 2157 834 2220 est
862 2157 972 2219 aut
1010 2176 1354 2239 nusquam,
1401 2154 1568 2238 quod
1612 2155 1991 2303 qffioerilssus‘
2136 2155 2188 2219 ‘c
2230 2172 2396 2220 onus

1236 2272 1243 2279 ·
1719 2259 1860 2304 orre

483 2334 552 2387 40
580 2323 672 2388 Vt
711 2324 925 2406 parvis
968 2322 1198 2389 animis
1244 2325 1310 2388 et
1350 2344 1548 2408 parvo
1594 2342 1858 2406 corpore
1900 2285 2136 2420 inaius3

583 2407 709 2472 Hic
750 2406 952 2490 subit,
1001 2410 1065 2471 et
1105 2407 1379 2490 perfert.-
1423 2409 1558 2475 Aut
1599 2408 1799 2472 virtus
1826 2428 2064 2471 nomen
2105 2410 2398 2487 inanest,

585 2492 722 2555 Aut
759 2490 953 2555 decus
998 2493 1063 2554 et
1103 2492 1379 2574 pretium
1421 2494 1591 2556 recte
1634 2491 1799 2575 petit
1840 2490 2171 2574 experiens
2214 2491 2337 2557 vir.

586 2573 818 2640 Coram
859 2595 1012 2660 rege
1056 2596 1172 2639 sua
1214 2575 1293 2638 de
1318 2577 1708 2659 <paupertate
1749 2577 2034 2639 tacentes

582 2657 736 2722 Plus
779 2660 1081 2742 poscente
1125 2658 1367 2725 ferent:
1412 2659 1636 2743 distat,
1682 2679 1979 2724 sumasne
2022 2658 2340 2742 pudenter

483 2755 551 2805 45
581 2743 690 2806 An
717 2743 959 2827 rapias;
1004 2743 1180 2839 atqui
1222 2763 1435 2808 rerum
1479 2745 1670 2826 caput
1710 2742 1835 2808 hoc
1865 2746 2029 2827 erat,
2074 2742 2181 2807 hic
2225 2743 2398 2808 fons.

585 2825 910 2890 ‘Indotata
951 2825 1111 2891 milu
1154 2847 1336 2890 soror
1379 2830 1502 2910 est,
1548 2827 1932 2911 paupercula
1974 2829 2214 2911 mater,

585 2909 673 2975 Et
715 2909 949 2974 fundus
992 2931 1112 2975 nec
1155 2910 1493 2977 vendibilis
1535 2932 1655 2975 nec
1697 2932 1955 2994 pascere
1998 2911 2243 2975 firmus'

588 2993 710 3069 Qui
755 2993 941 3077 dicit,
988 2995 1221 3058 clamat
1262 2995 1526 3060 ‘victum
1569 2995 1757 3059 date.’
1848 2995 2137 3060 Succinit
2175 2996 2343 3060 alter

583 3077 694 3141 ‘Et
735 3077 894 3141 mihi
937 3077 1189 3143 dividuo
1232 3078 1509 3145 findetur
1549 3100 1811 3144 munere
1856 3079 2145 3163 quadra?

483 3174 553 3224 60
583 3159 707 3226 Sed
750 3161 982 3227 tacitus
1027 3162 1201 3245 pasci
1246 3163 1302 3227 si
1344 3166 1566 3246 posset
1608 3184 1868 3247 corvus,
1915 3163 2183 3227 haberet

582 3244 734 3309 Plus
779 3244 961 3342 dapis
979 3291 997 3326 ‚
1043 3248 1108 3310 et
1147 3245 1321 3311 rixae
1364 3247 1567 3312 multo
1611 3248 1822 3312 minus
1865 3247 2287 3332 invidiaeque.

583 3327 994 3395 Brundisium
1019 3349 1229 3394 comes
1254 3332 1363 3394 aut
1384 3329 1760 3396 Surrentum
1783 3331 2007 3396 ductus
2032 3353 2398 3415 amoenum,

585 3412 707 3486 Qui
752 3413 1035 3495 queritur
1063 3413 1344 3479 salebras
1376 3418 1442 3479 et
1470 3415 1766 3480 acerbum
1807 3416 2011 3513 frigus
2042 3418 2110 3481 et
2135 3416 2398 3501 imbres,

582 3497 719 3561 Aut
760 3496 984 3561 cistam
1029 3497 1354 3563 effractam
1397 3501 1462 3563 et
1516 3500 1823 3564 subducta
1863 3500 2097 3565 viatica
2148 3501 2396 3586 plorat,
