2588 4046
434 229 560 295 232
1136 231 1650 289 mmmmm
2238 234 2369 306 [m.

559 394 904 461 Difficilest
944 395 1200 480 proprie
1243 399 1285 477 †
1311 395 1670 460 communia
1714 394 1948 481 dicere3
1992 397 2192 480 tuque

556 480 816 545 Rectius
858 479 1126 545 Iliacum
1170 501 1428 545 carmen
1470 479 1728 545 deducis
1771 480 1841 543 in
1883 482 2091 562 actus,

435 577 532 628 130
562 564 767 640 Quam
811 564 867 629 si
907 563 1226 648 proferres
1269 564 1494 648 ignota
1534 562 1899 648 indictaque
1940 564 2205 647 primus,

558 648 825 713 Publica
865 648 1162 712 materies
1205 647 1441 732 privati
1483 647 1637 712 iuris
1683 648 1831 732 erit,
1882 648 1940 712 si

556 732 710 798 Non
754 732 921 797 circa
960 732 1154 797 vilem
1196 732 1608 816 patulumque
1657 732 2006 796 moraberis
2052 732 2314 815 orbem,

557 815 697 881 Nec
740 816 1004 881 verbum
1045 816 1239 880 verbo
1285 816 1535 881 curabis
1577 815 1838 881 reddere
1880 815 2042 881 fidus

555 899 879 984 Interpres
952 921 1073 964 nec
1116 899 1369 964 desilies
1412 899 1696 965 imitator
1738 900 1809 964 in
1850 902 2090 983 artum,

434 997 528 1046 185
560 983 745 1048 Vnde
774 948 1013 1083 pedem
1056 983 1342 1067 proferre
1383 983 1590 1067 pudor
1629 986 1802 1048 vetet
1829 985 1938 1048 aut
1978 984 2193 1068 operis
2238 986 2370 1049 lex.

555 1067 694 1133 Nec
737 1088 827 1132 s1c
870 1068 1000 1133 inci
1045 1067 1171 1150 ies,
1214 1071 1285 1133 ut
1329 1069 1454 1132 scri
1499 1070 1602 1132 tor
1645 1067 1882 1151 cyclius
1927 1068 2111 1132 olim:

561 1151 936 1217 ‘Fortunam
1031 1151 1216 1216 riami
1261 1154 1451 1216 canta
1496 1173 1533 1216 o
1579 1155 1643 1217 et
1683 1151 1901 1217 nobile
1942 1152 2230 1217 bellum'.

556 1235 723 1311 Quid
767 1236 1032 1322 dignum
1074 1238 1256 1300 tanto
1300 1235 1463 1301 feret
1502 1235 1609 1301 hic
1649 1236 1999 1333 promissor
2045 1235 2278 1301 hiatu?

553 1320 929 1385 Parturiunt
967 1323 1244 1404 montes,
1288 1322 1586 1384 nascetur
1627 1319 1930 1384 ndiculus
1972 1342 2136 1385 mus.

433 1416 530 1468 140
559 1403 810 1480 Quanto
853 1405 1088 1470 rectius
1130 1403 1267 1487 hic,
1315 1404 1425 1486 qui
1466 1404 1563 1468 m‘l
1602 1404 1865 1468 molitur
1906 1404 2154 1487 inepte:

553 1487 677 1553 Dic
697 1487 875 1572 mihi,
905 1487 1110 1572 Musa,
1139 1489 1366 1572 virum,
1399 1490 1618 1572 captae
1645 1489 1796 1572 post
1821 1491 2112 1572 tempora
2126 1487 2370 1554 Troiae

556 1572 680 1648 Qui
721 1593 930 1637 mores
972 1571 1304 1637 hominum
1347 1571 1695 1637 multorum
1736 1570 1899 1636 vidit
1941 1574 2005 1637 et
2046 1572 2261 1637 urbes.

554 1656 708 1722 Non
748 1657 996 1721 fumum
1025 1678 1101 1721 ex
1132 1656 1422 1741 fulgore,
1469 1656 1581 1721 sed
1611 1676 1688 1720 ex
1731 1655 1908 1721 fumo
1954 1655 2101 1721 dare
2146 1657 2366 1722 lucem

556 1740 846 1826 Cogitat,
888 1743 964 1805 ut
1006 1739 1294 1824 speciosa
1336 1739 1566 1804 dehinc
1609 1740 1918 1804 miracula
2002 1744 2245 1822 romat,

430 1837 527 1887 145
557 1824 958 1909 Antiphaten
969 1823 1373 1973 Scsslllamque
1392 1828 1457 1888 et
1479 1845 1623 1889 cum
1639 1823 1922 1971 Cyclops}
1984 1823 2367 1911 harybdim3

553 1908 691 1974 Nec
734 1908 1008 1974 reditum
1119 1908 1380 1973 'omedis
1423 1908 1502 1972 ab
1546 1908 1809 1973 interitu
1925 1908 2196 1993 eleagri,

552 1992 618 2059 N
619 2014 689 2059 ec
732 1993 988 2079 gemino
1032 1992 1271 2058 bellum
1314 1991 1659 2057 Troianum
1704 1991 1948 2057 orditur
1991 1991 2070 2056 ab
2115 2013 2276 2078 ovo;

556 2076 821 2162 Semper
865 2077 946 2142 ad
990 2080 1284 2143 eventum
1328 2077 1595 2141 festinat
1637 2080 1702 2141 et
1742 2077 1813 2141 in
1854 2076 2094 2141 medias
2139 2098 2248 2143 res

552 2160 705 2226 Non
748 2182 929 2226 secus
974 2182 1047 2227 ac
1088 2164 1277 2226 notas
1322 2160 1677 2226 auditorem
1719 2161 1889 2245 rapit
1931 2164 1995 2225 et
2039 2182 2201 2244 quae

429 2258 528 2308 150
553 2244 870 2329 Desperat
910 2248 1184 2310 tractata
1226 2245 1538 2310 nitescere
1580 2266 1796 2329 posse,
1838 2245 2174 2328 relinquit,

551 2330 764 2413 Atque
807 2330 900 2393 ita
939 2330 1271 2413 mentitur,
1319 2329 1410 2394 sic
1454 2329 1619 2393 veris
1662 2329 1825 2393 falsa
1866 2329 2192 2411 remiscet,

551 2413 767 2478 Primo
810 2435 894 2478 ne
935 2414 1243 2496 medium,
1287 2413 1499 2478 medio
1541 2434 1625 2478 ne
1669 2413 1985 2497 discrepet
2025 2413 2250 2478 imum.

551 2497 676 2582 Tu,
721 2498 875 2582 quid
917 2518 1037 2583 ego
1085 2501 1150 2563 et
1189 2498 1463 2581 populus
1505 2518 1756 2562 mecum
1799 2496 2137 2581 desideret,
2184 2499 2363 2564 audi.

553 2581 621 2647 Si
662 2582 937 2666 plosoris
981 2603 1130 2667 eges
1175 2582 1401 2646 aulaea
1440 2581 1759 2646 manentis
1804 2586 1868 2646 et
1908 2603 2108 2665 usque

429 2678 523 2729 155
556 2666 833 2751 Sessuri,
878 2665 1079 2731 donec
1125 2669 1347 2731 cantor
1393 2672 1531 2729 ‘vos
1573 2665 1878 2749 plaudite’
1924 2665 2125 2730 dicat:

550 2751 800 2815 Aetatis
846 2750 1146 2834 cuiusque
1189 2749 1455 2814 notandi
1500 2751 1651 2813 sunt
1691 2750 1811 2814 tibi
1852 2770 2094 2834 mores,

551 2834 1019 2917 Mobilibusque
1063 2834 1281 2917 decor,
1327 2834 1592 2898 maturis
1638 2833 1880 2897 dandus
1925 2837 1991 2897 et
2033 2835 2243 2898 annis,

548 2917 835 2982 Reddere
879 2918 988 3001 qui
1029 2938 1219 2983 voces
1261 2918 1392 2982 iam
1436 2917 1558 2982 scit
1599 2938 1757 3002 puer
1799 2920 1863 2982 et
1950 2917 2066 2982 ede
2110 2921 2292 2983 certo

551 3001 781 3087 Signat
821 3002 1113 3086 humum,
1169 3002 1367 3087 gestit
1413 3000 1674 3084 paribus
1719 3001 1886 3066 collu
1931 3023 2034 3066 ere
2079 3005 2145 3066 et
2184 3002 2358 3067 iram

427 3098 525 3148 160
555 3085 721 3151 Colli
772 3086 820 3149 ‘t
863 3107 938 3150 ac
978 3085 1165 3171 ponit
1205 3089 1444 3150 temere
1488 3088 1554 3149 et
1593 3087 1872 3151 mutatur
1913 3085 1984 3149 in
2025 3084 2234 3151 horas.

548 3169 742 3234 Inber
787 3193 862 3236 us
904 3170 1150 3235 iuvenis
1192 3170 1451 3234 tandem
1497 3169 1757 3234 custode
1799 3172 2044 3234 remoto

552 3252 802 3319 Gaudet
841 3256 1017 3337 equis
1050 3254 1435 3338 canibusque
1456 3255 1532 3318 *et
1559 3253 1756 3351 aprici
1795 3253 2085 3338 gramine
2116 3256 2355 3340 campi,

551 3337 786 3403 Cereus
829 3338 900 3402 in
941 3338 1167 3403 vitium
1208 3339 1379 3403 flecti
1388 3386 1407 3421 ,
1450 3337 1870 3402 momtoribus
1914 3358 2100 3421 asper
2114 3386 2134 3422 ,

548 3421 820 3486 Vtilium
860 3422 1080 3486 tardus
1121 3423 1440 3506 provisor,
1485 3421 1789 3506 prodigus
1834 3421 2028 3503 aeris,

427 3518 521 3568 165
552 3505 855 3571 Sublimis
900 3506 1288 3591 cupidusque
1336 3509 1399 3572 et
1442 3508 1652 3570 amata
1692 3504 2047 3589 relinquere
2100 3508 2352 3592 pernix.
