<?xml version="1.0" encoding="UTF-8"?>
<!DOCTYPE html PUBLIC "-//W3C//DTD XHTML 1.0 Transitional//EN"
    "http://www.w3.org/TR/xhtml1/DTD/xhtml1-transitional.dtd">
<html xmlns="http://www.w3.org/1999/xhtml" xml:lang="en" lang="en">
 <head>
  <title>
</title>
<meta http-equiv="Content-Type" content="text/html;charset=utf-8" />
  <meta name='ocr-system' content='tesseract 3.04.00' />
  <meta name='ocr-capabilities' content='ocr_page ocr_carea ocr_par ocr_line ocrx_word'/>
</head>
<body>
  <div class='ocr_page' id='page_1' title='image "./qvaleriicatulli03catugoog_0501.png"; bbox 0 0 2588 4046; ppageno 0'>
   <div class='ocr_carea' id='block_1_1' title="bbox 221 269 2142 345">
    <p class='ocr_par' dir='ltr' id='par_1_1' title="bbox 221 269 2142 345">
     <span class='ocr_line' id='line_1_1' title="bbox 221 269 2142 345; baseline 0.002 -16"><span class='ocrx_word' id='word_1_1' title='bbox 221 271 284 345; x_wconf 71' lang='grc' dir='ltr'><strong>ι]</strong></span> <span class='ocrx_word' id='word_1_2' title='bbox 1006 273 1219 328; x_wconf 80' lang='lat' dir='ltr'><strong>LIBER</strong></span> <span class='ocrx_word' id='word_1_3' title='bbox 1263 274 1333 332; x_wconf 86' lang='lat'><strong>11.</strong></span> <span class='ocrx_word' id='word_1_4' title='bbox 1598 270 1603 273; x_wconf 72' lang='grc'>’</span> <span class='ocrx_word' id='word_1_5' title='bbox 2019 269 2142 334; x_wconf 80' lang='lat'><strong>217</strong></span> 
     </span>
    </p>
   </div>
   <div class='ocr_carea' id='block_1_2' title="bbox 201 432 2145 3207">
    <p class='ocr_par' dir='ltr' id='par_1_2' title="bbox 208 432 2145 2768">
     <span class='ocr_line' id='line_1_2' title="bbox 224 432 2145 523; baseline 0 -24"><span class='ocrx_word' id='word_1_6' title='bbox 224 432 310 499; x_wconf 86' lang='lat' dir='ltr'><strong>Vt</strong></span> <span class='ocrx_word' id='word_1_7' title='bbox 350 433 516 497; x_wconf 90' lang='lat' dir='ltr'><strong>nihil</strong></span> <span class='ocrx_word' id='word_1_8' title='bbox 561 433 901 518; x_wconf 73' lang='lat' dir='ltr'><strong>anteferat,</strong></span> <span class='ocrx_word' id='word_1_9' title='bbox 945 435 1108 499; x_wconf 86' lang='lat' dir='ltr'><strong>nihil</strong></span> <span class='ocrx_word' id='word_1_10' title='bbox 1150 437 1278 500; x_wconf 88' lang='lat' dir='ltr'><strong>illis</strong></span> <span class='ocrx_word' id='word_1_11' title='bbox 1322 439 1654 521; x_wconf 85' lang='lat' dir='ltr'><strong>conparet:</strong></span> <span class='ocrx_word' id='word_1_12' title='bbox 1698 439 1893 523; x_wconf 82' lang='lat' dir='ltr'><strong>errat3</strong></span> <span class='ocrx_word' id='word_1_13' title='bbox 2081 449 2145 499; x_wconf 78' lang='grc'><strong>65</strong></span> 
     </span>
     <span class='ocr_line' id='line_1_3' title="bbox 225 517 1851 605; baseline 0.002 -22"><span class='ocrx_word' id='word_1_14' title='bbox 225 517 290 583; x_wconf 91' lang='lat' dir='ltr'><strong>Si</strong></span> <span class='ocrx_word' id='word_1_15' title='bbox 335 517 643 600; x_wconf 78' lang='lat' dir='ltr'><strong>quaedam</strong></span> <span class='ocrx_word' id='word_1_16' title='bbox 684 518 875 581; x_wconf 91' lang='lat' dir='ltr'><strong>nimis</strong></span> <span class='ocrx_word' id='word_1_17' title='bbox 909 519 1209 604; x_wconf 82' lang='lat' dir='ltr'><strong>antique,</strong></span> <span class='ocrx_word' id='word_1_18' title='bbox 1256 520 1313 584; x_wconf 90' lang='lat' dir='ltr'><strong>si</strong></span> <span class='ocrx_word' id='word_1_19' title='bbox 1354 522 1655 605; x_wconf 84' lang='lat' dir='ltr'><strong>pleraque</strong></span> <span class='ocrx_word' id='word_1_20' title='bbox 1700 521 1851 587; x_wconf 91' lang='lat' dir='ltr'><strong>dure</strong></span> 
     </span>
     <span class='ocr_line' id='line_1_4' title="bbox 222 601 1709 689; baseline 0.003 -24"><span class='ocrx_word' id='word_1_21' title='bbox 222 601 448 665; x_wconf 82' lang='lat' dir='ltr'><strong>Dicere</strong></span> <span class='ocrx_word' id='word_1_22' title='bbox 493 601 692 666; x_wconf 88' lang='lat' dir='ltr'><strong>credit</strong></span> <span class='ocrx_word' id='word_1_23' title='bbox 736 622 875 685; x_wconf 89' lang='lat' dir='ltr'><strong>eos,</strong></span> <span class='ocrx_word' id='word_1_24' title='bbox 919 603 942 666; x_wconf 96' lang='lat' dir='ltr'><strong>i</strong></span> <span class='ocrx_word' id='word_1_25' title='bbox 1037 624 1152 668; x_wconf 85' lang='lat' dir='ltr'><strong>ave</strong></span> <span class='ocrx_word' id='word_1_26' title='bbox 1194 605 1398 669; x_wconf 89' lang='lat' dir='ltr'><strong>multa</strong></span> <span class='ocrx_word' id='word_1_27' title='bbox 1438 605 1673 670; x_wconf 86' lang='lat' dir='ltr'><strong>fatetur</strong></span> <span class='ocrx_word' id='word_1_28' title='bbox 1690 655 1709 689; x_wconf 92' lang='lat'><strong>,</strong></span> 
     </span>
     <span class='ocr_line' id='line_1_5' title="bbox 222 684 1953 772; baseline 0.003 -23"><span class='ocrx_word' id='word_1_29' title='bbox 222 684 307 750; x_wconf 88' lang='lat' dir='ltr'><strong>Et</strong></span> <span class='ocrx_word' id='word_1_30' title='bbox 353 685 520 769; x_wconf 88' lang='lat' dir='ltr'><strong>sapit</strong></span> <span class='ocrx_word' id='word_1_31' title='bbox 563 687 629 749; x_wconf 93' lang='lat' dir='ltr'><strong>et</strong></span> <span class='ocrx_word' id='word_1_32' title='bbox 666 706 914 750; x_wconf 92' lang='lat' dir='ltr'><strong>mecum</strong></span> <span class='ocrx_word' id='word_1_33' title='bbox 984 688 1110 752; x_wconf 88' lang='lat' dir='ltr'><strong>acit</strong></span> <span class='ocrx_word' id='word_1_34' title='bbox 1154 691 1218 752; x_wconf 90' lang='lat' dir='ltr'><strong>et</strong></span> <span class='ocrx_word' id='word_1_35' title='bbox 1259 687 1411 753; x_wconf 83' lang='lat' dir='ltr'><strong>Iove</strong></span> <span class='ocrx_word' id='word_1_36' title='bbox 1453 689 1690 753; x_wconf 90' lang='lat' dir='ltr'><strong>iudicat</strong></span> <span class='ocrx_word' id='word_1_37' title='bbox 1732 710 1953 772; x_wconf 89' lang='lat' dir='ltr'><strong>aequo.</strong></span> 
     </span>
     <span class='ocr_line' id='line_1_6' title="bbox 222 768 1925 852; baseline 0.002 -18"><span class='ocrx_word' id='word_1_38' title='bbox 222 768 282 834; x_wconf 92' lang='lat' dir='ltr'>N</span> <span class='ocrx_word' id='word_1_39' title='bbox 286 790 372 833; x_wconf 92' lang='lat' dir='ltr'><strong>on</strong></span> <span class='ocrx_word' id='word_1_40' title='bbox 416 768 707 852; x_wconf 86' lang='lat' dir='ltr'><strong>equidem</strong></span> <span class='ocrx_word' id='word_1_41' title='bbox 749 770 1030 835; x_wconf 89' lang='lat' dir='ltr'><strong>insector</strong></span> <span class='ocrx_word' id='word_1_42' title='bbox 1074 770 1418 837; x_wconf 84' lang='lat' dir='ltr'><strong>delendave</strong></span> <span class='ocrx_word' id='word_1_43' title='bbox 1461 773 1743 838; x_wconf 91' lang='lat' dir='ltr'><strong>carmina</strong></span> <span class='ocrx_word' id='word_1_44' title='bbox 1784 773 1925 838; x_wconf 82' lang='lat' dir='ltr'><strong>Livi</strong></span> 
     </span>
     <span class='ocr_line' id='line_1_7' title="bbox 221 851 2145 942; baseline 0.001 -25"><span class='ocrx_word' id='word_1_45' title='bbox 221 851 380 917; x_wconf 85' lang='lat' dir='ltr'><strong>Esse</strong></span> <span class='ocrx_word' id='word_1_46' title='bbox 423 872 595 936; x_wconf 93' lang='lat' dir='ltr'><strong>reor,</strong></span> <span class='ocrx_word' id='word_1_47' title='bbox 641 853 903 917; x_wconf 89' lang='lat' dir='ltr'><strong>memini</strong></span> <span class='ocrx_word' id='word_1_48' title='bbox 987 876 1107 919; x_wconf 90' lang='lat' dir='ltr'><strong>uae</strong></span> <span class='ocrx_word' id='word_1_49' title='bbox 1149 857 1489 941; x_wconf 85' lang='lat' dir='ltr'><strong>plagosum</strong></span> <span class='ocrx_word' id='word_1_50' title='bbox 1530 857 1689 921; x_wconf 93' lang='lat' dir='ltr'><strong>mihi</strong></span> <span class='ocrx_word' id='word_1_51' title='bbox 1730 878 1928 942; x_wconf 86' lang='lat' dir='ltr'><strong>parvo</strong></span> <span class='ocrx_word' id='word_1_52' title='bbox 2079 870 2145 920; x_wconf 79' lang='lat'><strong>‘10</strong></span> 
     </span>
     <span class='ocr_line' id='line_1_8' title="bbox 224 935 1621 1022; baseline 0.003 -21"><span class='ocrx_word' id='word_1_53' title='bbox 224 935 534 1001; x_wconf 88' lang='lat' dir='ltr'><strong>Orbilium</strong></span> <span class='ocrx_word' id='word_1_54' title='bbox 579 936 843 1022; x_wconf 82' lang='lat' dir='ltr'><strong>dictare3</strong></span> <span class='ocrx_word' id='word_1_55' title='bbox 891 958 958 1001; x_wconf 89' lang='lat' dir='ltr'><strong>se</strong></span> <span class='ocrx_word' id='word_1_56' title='bbox 1047 940 1379 1005; x_wconf 89' lang='lat' dir='ltr'><strong>emendata</strong></span> <span class='ocrx_word' id='word_1_57' title='bbox 1420 940 1621 1005; x_wconf 83' lang='lat' dir='ltr'><strong>videri</strong></span> 
     </span>
     <span class='ocr_line' id='line_1_9' title="bbox 221 1019 1995 1103; baseline 0.003 -19"><span class='ocrx_word' id='word_1_58' title='bbox 221 1019 616 1103; x_wconf 88' lang='lat' dir='ltr'><strong>Pulchraque</strong></span> <span class='ocrx_word' id='word_1_59' title='bbox 662 1023 728 1085; x_wconf 89' lang='lat' dir='ltr'><strong>et</strong></span> <span class='ocrx_word' id='word_1_60' title='bbox 769 1022 1007 1086; x_wconf 85' lang='lat' dir='ltr'><strong>exactis</strong></span> <span class='ocrx_word' id='word_1_61' title='bbox 1051 1024 1387 1089; x_wconf 89' lang='lat' dir='ltr'><strong>minimum</strong></span> <span class='ocrx_word' id='word_1_62' title='bbox 1433 1024 1738 1089; x_wconf 72' lang='lat' dir='ltr'><strong>distantia</strong></span> <span class='ocrx_word' id='word_1_63' title='bbox 1779 1026 1995 1091; x_wconf 87' lang='lat' dir='ltr'><strong>miror.</strong></span> 
     </span>
     <span class='ocr_line' id='line_1_10' title="bbox 220 1103 1880 1193; baseline 0.004 -25"><span class='ocrx_word' id='word_1_64' title='bbox 220 1103 397 1169; x_wconf 92' lang='lat' dir='ltr'><strong>Inter</strong></span> <span class='ocrx_word' id='word_1_65' title='bbox 439 1125 598 1187; x_wconf 91' lang='lat' dir='ltr'><strong>quae</strong></span> <span class='ocrx_word' id='word_1_66' title='bbox 641 1104 904 1170; x_wconf 85' lang='lat' dir='ltr'><strong>verbum</strong></span> <span class='ocrx_word' id='word_1_67' title='bbox 947 1107 1208 1172; x_wconf 83' lang='lat' dir='ltr'><strong>emicuit</strong></span> <span class='ocrx_word' id='word_1_68' title='bbox 1250 1109 1306 1172; x_wconf 86' lang='lat' dir='ltr'><strong>si</strong></span> <span class='ocrx_word' id='word_1_69' title='bbox 1347 1109 1513 1174; x_wconf 89' lang='lat' dir='ltr'><strong>forte</strong></span> <span class='ocrx_word' id='word_1_70' title='bbox 1558 1109 1880 1193; x_wconf 90' lang='lat' dir='ltr'><strong>decorum,</strong></span> 
     </span>
     <span class='ocr_line' id='line_1_11' title="bbox 221 1187 1768 1272; baseline 0.003 -19"><span class='ocrx_word' id='word_1_71' title='bbox 221 1187 288 1253; x_wconf 91' lang='lat' dir='ltr'><strong>Si</strong></span> <span class='ocrx_word' id='word_1_72' title='bbox 329 1208 548 1253; x_wconf 81' lang='lat' dir='ltr'><strong>versus</strong></span> <span class='ocrx_word' id='word_1_73' title='bbox 591 1189 804 1272; x_wconf 88' lang='lat' dir='ltr'><strong>paullo</strong></span> <span class='ocrx_word' id='word_1_74' title='bbox 851 1190 1224 1255; x_wconf 82' lang='lat' dir='ltr'><strong>concinnior</strong></span> <span class='ocrx_word' id='word_1_75' title='bbox 1265 1213 1429 1257; x_wconf 91' lang='lat' dir='ltr'><strong>unus</strong></span> <span class='ocrx_word' id='word_1_76' title='bbox 1474 1195 1539 1257; x_wconf 92' lang='lat' dir='ltr'><strong>et</strong></span> <span class='ocrx_word' id='word_1_77' title='bbox 1581 1193 1768 1258; x_wconf 82' lang='lat' dir='ltr'><strong>alter:</strong></span> 
     </span>
     <span class='ocr_line' id='line_1_12' title="bbox 218 1271 2141 1360; baseline 0.002 -24"><span class='ocrx_word' id='word_1_78' title='bbox 218 1271 462 1337; x_wconf 82' lang='lat' dir='ltr'><strong>Iniuste</strong></span> <span class='ocrx_word' id='word_1_79' title='bbox 504 1275 712 1336; x_wconf 91' lang='lat' dir='ltr'><strong>totum</strong></span> <span class='ocrx_word' id='word_1_80' title='bbox 757 1272 932 1338; x_wconf 89' lang='lat' dir='ltr'><strong>ducit</strong></span> <span class='ocrx_word' id='word_1_81' title='bbox 973 1274 1314 1358; x_wconf 85' lang='lat' dir='ltr'><strong>venditque</strong></span> <span class='ocrx_word' id='word_1_82' title='bbox 1356 1297 1602 1360; x_wconf 91' lang='lat' dir='ltr'><strong>poema.</strong></span> <span class='ocrx_word' id='word_1_83' title='bbox 2077 1289 2141 1340; x_wconf 75' lang='lat'><strong>⁷5</strong></span> 
     </span>
     <span class='ocr_line' id='line_1_13' title="bbox 219 1355 1985 1504; baseline 0.004 -85"><span class='ocrx_word' id='word_1_84' title='bbox 219 1355 531 1441; x_wconf 88' lang='lat' dir='ltr'><strong>Indignor</strong></span> <span class='ocrx_word' id='word_1_85' title='bbox 568 1357 909 1504; x_wconf 55' lang='lat' dir='ltr'><strong>quilctqluam</strong></span> <span class='ocrx_word' id='word_1_86' title='bbox 950 1359 1362 1444; x_wconf 89' lang='lat' dir='ltr'><strong>reprehendi,</strong></span> <span class='ocrx_word' id='word_1_87' title='bbox 1406 1381 1542 1425; x_wconf 92' lang='lat' dir='ltr'><strong>non</strong></span> <span class='ocrx_word' id='word_1_88' title='bbox 1585 1362 1734 1444; x_wconf 87' lang='lat' dir='ltr'><strong>quia</strong></span> <span class='ocrx_word' id='word_1_89' title='bbox 1777 1381 1985 1426; x_wconf 88' lang='lat' dir='ltr'><strong>crasse</strong></span> 
     </span>
     <span class='ocr_line' id='line_1_14' title="bbox 220 1439 1988 1530; baseline 0.002 -25"><span class='ocrx_word' id='word_1_90' title='bbox 220 1439 642 1524; x_wconf 85' lang='lat' dir='ltr'><strong>Conpositum</strong></span> <span class='ocrx_word' id='word_1_91' title='bbox 689 1442 704 1456; x_wconf 85' lang='lat'><strong><em>&#39;</em></strong></span> <span class='ocrx_word' id='word_1_92' title='bbox 780 1441 1037 1524; x_wconf 84' lang='lat' dir='ltr'><strong>epideve</strong></span> <span class='ocrx_word' id='word_1_93' title='bbox 1126 1446 1367 1528; x_wconf 91' lang='lat' dir='ltr'><strong>utetur,</strong></span> <span class='ocrx_word' id='word_1_94' title='bbox 1413 1444 1526 1509; x_wconf 89' lang='lat' dir='ltr'><strong>sed</strong></span> <span class='ocrx_word' id='word_1_95' title='bbox 1569 1446 1718 1528; x_wconf 90' lang='lat' dir='ltr'><strong>quia</strong></span> <span class='ocrx_word' id='word_1_96' title='bbox 1757 1466 1988 1530; x_wconf 87' lang='lat' dir='ltr'><strong>nuper,</strong></span> 
     </span>
     <span class='ocr_line' id='line_1_15' title="bbox 214 1465 2026 1612; baseline 0.004 -25"><span class='ocrx_word' id='word_1_97' title='bbox 214 1523 280 1589; x_wconf 92' lang='lat' dir='ltr'>N</span> <span class='ocrx_word' id='word_1_98' title='bbox 283 1545 354 1588; x_wconf 92' lang='lat' dir='ltr'><strong>ec</strong></span> <span class='ocrx_word' id='word_1_99' title='bbox 374 1525 629 1588; x_wconf 86' lang='lat' dir='ltr'><strong>veniam</strong></span> <span class='ocrx_word' id='word_1_100' title='bbox 651 1526 947 1609; x_wconf 74' lang='lat' dir='ltr'><strong>antiquie,</strong></span> <span class='ocrx_word' id='word_1_101' title='bbox 971 1465 1414 1592; x_wconf 57' lang='lat' dir='ltr'><strong>sedlhonorem</strong></span> <span class='ocrx_word' id='word_1_102' title='bbox 1437 1530 1503 1592; x_wconf 93' lang='lat' dir='ltr'><strong>et</strong></span> <span class='ocrx_word' id='word_1_103' title='bbox 1522 1530 1806 1612; x_wconf 90' lang='lat' dir='ltr'><strong>praemia</strong></span> <span class='ocrx_word' id='word_1_104' title='bbox 1872 1529 2026 1595; x_wconf 83' lang='lat' dir='ltr'><strong>osci.</strong></span> 
     </span>
     <span class='ocr_line' id='line_1_16' title="bbox 215 1607 1990 1696; baseline 0.003 -24"><span class='ocrx_word' id='word_1_105' title='bbox 215 1607 413 1672; x_wconf 85' lang='lat' dir='ltr'><strong>Recte</strong></span> <span class='ocrx_word' id='word_1_106' title='bbox 456 1628 660 1673; x_wconf 89' lang='lat' dir='ltr'><strong>necne</strong></span> <span class='ocrx_word' id='word_1_107' title='bbox 705 1629 959 1674; x_wconf 92' lang='lat' dir='ltr'><strong>crocum</strong></span> <span class='ocrx_word' id='word_1_108' title='bbox 1000 1610 1314 1694; x_wconf 90' lang='lat' dir='ltr'><strong>floresque</strong></span> <span class='ocrx_word' id='word_1_109' title='bbox 1356 1612 1754 1696; x_wconf 87' lang='lat' dir='ltr'><strong>perambulet</strong></span> <span class='ocrx_word' id='word_1_110' title='bbox 1856 1615 1990 1677; x_wconf 90' lang='lat' dir='ltr'><strong>ttae</strong></span> 
     </span>
     <span class='ocr_line' id='line_1_17' title="bbox 215 1691 2145 1780; baseline 0.002 -25"><span class='ocrx_word' id='word_1_111' title='bbox 215 1691 460 1756; x_wconf 88' lang='lat' dir='ltr'><strong>Fabula</strong></span> <span class='ocrx_word' id='word_1_112' title='bbox 503 1693 559 1757; x_wconf 89' lang='lat' dir='ltr'><strong>si</strong></span> <span class='ocrx_word' id='word_1_113' title='bbox 603 1692 914 1777; x_wconf 92' lang='lat' dir='ltr'><strong>dubitem,</strong></span> <span class='ocrx_word' id='word_1_114' title='bbox 960 1694 1237 1759; x_wconf 89' lang='lat' dir='ltr'><strong>clament</strong></span> <span class='ocrx_word' id='word_1_115' title='bbox 1276 1695 1543 1778; x_wconf 89' lang='lat' dir='ltr'><strong>periisse</strong></span> <span class='ocrx_word' id='word_1_116' title='bbox 1584 1695 1893 1780; x_wconf 91' lang='lat' dir='ltr'><strong>pudorem</strong></span> <span class='ocrx_word' id='word_1_117' title='bbox 2076 1708 2145 1759; x_wconf 84' lang='lat'><strong>80</strong></span> 
     </span>
     <span class='ocr_line' id='line_1_18' title="bbox 217 1774 2015 1864; baseline 0.001 -22"><span class='ocrx_word' id='word_1_118' title='bbox 217 1774 448 1842; x_wconf 85' lang='lat' dir='ltr'><strong>Cuncti</strong></span> <span class='ocrx_word' id='word_1_119' title='bbox 488 1797 689 1859; x_wconf 88' lang='lat' dir='ltr'><strong>paene</strong></span> <span class='ocrx_word' id='word_1_120' title='bbox 732 1779 944 1860; x_wconf 88' lang='lat' dir='ltr'><strong>patres</strong></span> <span class='ocrx_word' id='word_1_121' title='bbox 956 1827 975 1861; x_wconf 93' lang='lat'><strong>,</strong></span> <span class='ocrx_word' id='word_1_122' title='bbox 1021 1799 1098 1843; x_wconf 91' lang='lat' dir='ltr'><strong>ea</strong></span> <span class='ocrx_word' id='word_1_123' title='bbox 1128 1798 1271 1843; x_wconf 92' lang='lat' dir='ltr'><strong>cum</strong></span> <span class='ocrx_word' id='word_1_124' title='bbox 1305 1779 1766 1862; x_wconf 89' lang='lat' dir='ltr'><strong>reprehendere</strong></span> <span class='ocrx_word' id='word_1_125' title='bbox 1797 1800 2015 1864; x_wconf 92' lang='lat' dir='ltr'><strong>coner,</strong></span> 
     </span>
     <span class='ocr_line' id='line_1_19' title="bbox 217 1859 2015 1957; baseline 0.002 -33"><span class='ocrx_word' id='word_1_126' title='bbox 217 1859 393 1935; x_wconf 82' lang='lat' dir='ltr'><strong>Quae</strong></span> <span class='ocrx_word' id='word_1_127' title='bbox 436 1861 650 1957; x_wconf 82' lang='lat' dir='ltr'><strong>gravis</strong></span> <span class='ocrx_word' id='word_1_128' title='bbox 692 1861 1015 1946; x_wconf 85' lang='lat' dir='ltr'><strong>Aesopus,</strong></span> <span class='ocrx_word' id='word_1_129' title='bbox 1061 1883 1221 1945; x_wconf 88' lang='lat' dir='ltr'><strong>quae</strong></span> <span class='ocrx_word' id='word_1_130' title='bbox 1266 1862 1489 1928; x_wconf 88' lang='lat' dir='ltr'><strong>doctus</strong></span> <span class='ocrx_word' id='word_1_131' title='bbox 1532 1863 1803 1928; x_wconf 83' lang='lat' dir='ltr'><strong>Roscius</strong></span> <span class='ocrx_word' id='word_1_132' title='bbox 1848 1864 2015 1948; x_wconf 72' lang='lat' dir='ltr'><strong>egitz</strong></span> 
     </span>
     <span class='ocr_line' id='line_1_20' title="bbox 212 1943 2015 2033; baseline 0.003 -26"><span class='ocrx_word' id='word_1_133' title='bbox 212 1943 337 2008; x_wconf 92' lang='lat' dir='ltr'><strong>Vel</strong></span> <span class='ocrx_word' id='word_1_134' title='bbox 368 1965 514 2028; x_wconf 79' lang='lat' dir='ltr'><strong>quia</strong></span> <span class='ocrx_word' id='word_1_135' title='bbox 542 1944 637 2008; x_wconf 90' lang='lat' dir='ltr'><strong>nil</strong></span> <span class='ocrx_word' id='word_1_136' title='bbox 665 1947 928 2029; x_wconf 92' lang='lat' dir='ltr'><strong>rectum,</strong></span> <span class='ocrx_word' id='word_1_137' title='bbox 958 1946 1085 2011; x_wconf 90' lang='lat' dir='ltr'><strong>nisi</strong></span> <span class='ocrx_word' id='word_1_138' title='bbox 1116 1947 1284 2031; x_wconf 91' lang='lat' dir='ltr'><strong>quod</strong></span> <span class='ocrx_word' id='word_1_139' title='bbox 1314 1947 1556 2032; x_wconf 89' lang='lat' dir='ltr'><strong>placuit</strong></span> <span class='ocrx_word' id='word_1_140' title='bbox 1584 1947 1726 2033; x_wconf 89' lang='lat' dir='ltr'><strong>sibi,</strong></span> <span class='ocrx_word' id='word_1_141' title='bbox 1758 1947 2015 2033; x_wconf 92' lang='lat' dir='ltr'><strong>ducunt,</strong></span> 
     </span>
     <span class='ocr_line' id='line_1_21' title="bbox 210 2027 2016 2117; baseline 0.003 -24"><span class='ocrx_word' id='word_1_142' title='bbox 210 2027 337 2093; x_wconf 90' lang='lat' dir='ltr'><strong>Vel</strong></span> <span class='ocrx_word' id='word_1_143' title='bbox 382 2029 529 2111; x_wconf 90' lang='lat' dir='ltr'><strong>quia</strong></span> <span class='ocrx_word' id='word_1_144' title='bbox 569 2032 754 2113; x_wconf 88' lang='lat' dir='ltr'><strong>turpe</strong></span> <span class='ocrx_word' id='word_1_145' title='bbox 798 2033 1028 2114; x_wconf 86' lang='lat' dir='ltr'><strong>putant</strong></span> <span class='ocrx_word' id='word_1_146' title='bbox 1068 2054 1289 2115; x_wconf 88' lang='lat' dir='ltr'><strong>parere</strong></span> <span class='ocrx_word' id='word_1_147' title='bbox 1320 2032 1672 2097; x_wconf 87' lang='lat' dir='ltr'><strong>minoribus</strong></span> <span class='ocrx_word' id='word_1_148' title='bbox 1684 2081 1703 2117; x_wconf 99' lang='lat'><strong>,</strong></span> <span class='ocrx_word' id='word_1_149' title='bbox 1749 2035 1815 2097; x_wconf 89' lang='lat' dir='ltr'><strong>et</strong></span> <span class='ocrx_word' id='word_1_150' title='bbox 1857 2054 2016 2115; x_wconf 89' lang='lat' dir='ltr'><strong>quae</strong></span> 
     </span>
     <span class='ocr_line' id='line_1_22' title="bbox 210 2110 2137 2199; baseline 0.001 -22"><span class='ocrx_word' id='word_1_151' title='bbox 210 2110 476 2177; x_wconf 85' lang='lat' dir='ltr'><strong>Inberbi</strong></span> <span class='ocrx_word' id='word_1_152' title='bbox 519 2113 822 2198; x_wconf 91' lang='lat' dir='ltr'><strong>didicere,</strong></span> <span class='ocrx_word' id='word_1_153' title='bbox 869 2136 1050 2179; x_wconf 89' lang='lat' dir='ltr'><strong>senes</strong></span> <span class='ocrx_word' id='word_1_154' title='bbox 1094 2115 1418 2199; x_wconf 92' lang='lat' dir='ltr'><strong>perdenda</strong></span> <span class='ocrx_word' id='word_1_155' title='bbox 1460 2117 1664 2182; x_wconf 87' lang='lat' dir='ltr'><strong>fateri.</strong></span> <span class='ocrx_word' id='word_1_156' title='bbox 2071 2128 2137 2179; x_wconf 75' lang='lat'><strong>85</strong></span> 
     </span>
     <span class='ocr_line' id='line_1_23' title="bbox 210 2195 1987 2285; baseline 0.003 -25"><span class='ocrx_word' id='word_1_157' title='bbox 210 2196 353 2261; x_wconf 90' lang='lat' dir='ltr'><strong>Iam</strong></span> <span class='ocrx_word' id='word_1_158' title='bbox 398 2195 637 2261; x_wconf 82' lang='lat' dir='ltr'><strong>Saliare</strong></span> <span class='ocrx_word' id='word_1_159' title='bbox 679 2197 933 2263; x_wconf 90' lang='lat' dir='ltr'><strong>Numae</strong></span> <span class='ocrx_word' id='word_1_160' title='bbox 978 2219 1235 2264; x_wconf 89' lang='lat' dir='ltr'><strong>carmen</strong></span> <span class='ocrx_word' id='word_1_161' title='bbox 1278 2200 1388 2284; x_wconf 91' lang='lat' dir='ltr'><strong>qui</strong></span> <span class='ocrx_word' id='word_1_162' title='bbox 1431 2200 1649 2265; x_wconf 90' lang='lat' dir='ltr'><strong>laudat</strong></span> <span class='ocrx_word' id='word_1_163' title='bbox 1693 2203 1758 2265; x_wconf 92' lang='lat' dir='ltr'><strong>et</strong></span> <span class='ocrx_word' id='word_1_164' title='bbox 1798 2200 1987 2285; x_wconf 87' lang='lat' dir='ltr'><strong>illud,</strong></span> 
     </span>
     <span class='ocr_line' id='line_1_24' title="bbox 214 2279 1899 2369; baseline 0.003 -25"><span class='ocrx_word' id='word_1_165' title='bbox 214 2279 402 2355; x_wconf 84' lang='lat' dir='ltr'><strong>Quod</strong></span> <span class='ocrx_word' id='word_1_166' title='bbox 444 2302 694 2346; x_wconf 91' lang='lat' dir='ltr'><strong>mecum</strong></span> <span class='ocrx_word' id='word_1_167' title='bbox 736 2282 759 2345; x_wconf 92' lang='lat' dir='ltr'><strong>i</strong></span> <span class='ocrx_word' id='word_1_168' title='bbox 854 2285 1021 2366; x_wconf 89' lang='lat' dir='ltr'><strong>orat,</strong></span> <span class='ocrx_word' id='word_1_169' title='bbox 1067 2284 1240 2347; x_wconf 86' lang='lat' dir='ltr'><strong>solus</strong></span> <span class='ocrx_word' id='word_1_170' title='bbox 1285 2285 1422 2350; x_wconf 85' lang='lat' dir='ltr'><strong>volt</strong></span> <span class='ocrx_word' id='word_1_171' title='bbox 1464 2285 1626 2350; x_wconf 88' lang='lat' dir='ltr'><strong>scire</strong></span> <span class='ocrx_word' id='word_1_172' title='bbox 1668 2284 1899 2369; x_wconf 83' lang='lat' dir='ltr'><strong>videri,</strong></span> 
     </span>
     <span class='ocr_line' id='line_1_25' title="bbox 208 2362 1798 2453; baseline 0.004 -26"><span class='ocrx_word' id='word_1_173' title='bbox 208 2362 502 2448; x_wconf 88' lang='lat' dir='ltr'><strong>Ingeniis</strong></span> <span class='ocrx_word' id='word_1_174' title='bbox 543 2385 678 2430; x_wconf 92' lang='lat' dir='ltr'><strong>non</strong></span> <span class='ocrx_word' id='word_1_175' title='bbox 720 2366 742 2429; x_wconf 94' lang='lat' dir='ltr'><strong>i</strong></span> <span class='ocrx_word' id='word_1_176' title='bbox 793 2387 827 2430; x_wconf 94' lang='lat' dir='ltr'><strong>e</strong></span> <span class='ocrx_word' id='word_1_177' title='bbox 870 2366 1043 2432; x_wconf 84' lang='lat' dir='ltr'><strong>favet</strong></span> <span class='ocrx_word' id='word_1_178' title='bbox 1083 2367 1455 2451; x_wconf 88' lang='lat' dir='ltr'><strong>plauditque</strong></span> <span class='ocrx_word' id='word_1_179' title='bbox 1501 2369 1766 2453; x_wconf 88' lang='lat' dir='ltr'><strong>sepultis</strong></span> <span class='ocrx_word' id='word_1_180' title='bbox 1779 2419 1798 2453; x_wconf 93' lang='lat'><strong>,</strong></span> 
     </span>
     <span class='ocr_line' id='line_1_26' title="bbox 208 2447 2025 2536; baseline 0.003 -23"><span class='ocrx_word' id='word_1_181' title='bbox 208 2447 459 2513; x_wconf 86' lang='lat' dir='ltr'><strong>Nostra</strong></span> <span class='ocrx_word' id='word_1_182' title='bbox 501 2448 612 2512; x_wconf 91' lang='lat' dir='ltr'><strong>sed</strong></span> <span class='ocrx_word' id='word_1_183' title='bbox 655 2449 1000 2534; x_wconf 82' lang='lat' dir='ltr'><strong>inpugnat,</strong></span> <span class='ocrx_word' id='word_1_184' title='bbox 1045 2471 1165 2515; x_wconf 90' lang='lat' dir='ltr'><strong>nos</strong></span> <span class='ocrx_word' id='word_1_185' title='bbox 1209 2455 1552 2536; x_wconf 90' lang='lat' dir='ltr'><strong>nostraque</strong></span> <span class='ocrx_word' id='word_1_186' title='bbox 1595 2451 1827 2518; x_wconf 85' lang='lat' dir='ltr'><strong>lividus</strong></span> <span class='ocrx_word' id='word_1_187' title='bbox 1873 2453 2025 2518; x_wconf 92' lang='lat' dir='ltr'><strong>odit.</strong></span> 
     </span>
     <span class='ocr_line' id='line_1_27' title="bbox 211 2531 2143 2607; baseline 0.002 -12"><span class='ocrx_word' id='word_1_188' title='bbox 211 2531 402 2607; x_wconf 82' lang='lat' dir='ltr'><strong>Quod</strong></span> <span class='ocrx_word' id='word_1_189' title='bbox 445 2532 501 2596; x_wconf 90' lang='lat' dir='ltr'><strong>si</strong></span> <span class='ocrx_word' id='word_1_190' title='bbox 542 2535 677 2596; x_wconf 88' lang='lat' dir='ltr'><strong>tam</strong></span> <span class='ocrx_word' id='word_1_191' title='bbox 743 2535 953 2599; x_wconf 84' lang='lat' dir='ltr'><strong>Graiis</strong></span> <span class='ocrx_word' id='word_1_192' title='bbox 1024 2535 1273 2600; x_wconf 82' lang='lat' dir='ltr'><strong>novitas</strong></span> <span class='ocrx_word' id='word_1_193' title='bbox 1318 2537 1526 2601; x_wconf 85' lang='lat' dir='ltr'><strong>invisa</strong></span> <span class='ocrx_word' id='word_1_194' title='bbox 1567 2537 1794 2601; x_wconf 89' lang='lat' dir='ltr'><strong>fuisset</strong></span> <span class='ocrx_word' id='word_1_195' title='bbox 2075 2549 2143 2599; x_wconf 82' lang='grc'><strong>90</strong></span> 
     </span>
     <span class='ocr_line' id='line_1_28' title="bbox 210 2615 2017 2768; baseline 0.003 -89"><span class='ocrx_word' id='word_1_196' title='bbox 210 2615 420 2691; x_wconf 84' lang='lat' dir='ltr'><strong>Quam</strong></span> <span class='ocrx_word' id='word_1_197' title='bbox 473 2617 660 2680; x_wconf 90' lang='lat' dir='ltr'><strong>nobis</strong></span> <span class='ocrx_word' id='word_1_198' title='bbox 671 2666 690 2700; x_wconf 93' lang='lat'><strong>,</strong></span> <span class='ocrx_word' id='word_1_199' title='bbox 756 2617 907 2700; x_wconf 90' lang='lat' dir='ltr'><strong>quid</strong></span> <span class='ocrx_word' id='word_1_200' title='bbox 960 2639 1132 2683; x_wconf 91' lang='lat' dir='ltr'><strong>nunc</strong></span> <span class='ocrx_word' id='word_1_201' title='bbox 1185 2623 1354 2684; x_wconf 83' lang='lat' dir='ltr'><strong>esset</strong></span> <span class='ocrx_word' id='word_1_202' title='bbox 1407 2620 1636 2768; x_wconf 54' lang='lat' dir='ltr'><strong>xiptgs‘?</strong></span> <span class='ocrx_word' id='word_1_203' title='bbox 1661 2621 1814 2768; x_wconf 64' lang='lat' dir='ltr'><strong>¹⁵aut</strong></span> <span class='ocrx_word' id='word_1_204' title='bbox 1865 2621 2017 2703; x_wconf 90' lang='lat' dir='ltr'><strong>quid</strong></span> 
     </span>
    </p>

    <p class='ocr_par' dir='ltr' id='par_1_3' title="bbox 201 2725 2143 3207">
     <span class='ocr_line' id='line_1_29' title="bbox 1474 2725 1718 2787; baseline 0 -19"><span class='ocrx_word' id='word_1_205' title='bbox 1474 2726 1511 2768; x_wconf 89' lang='lat' dir='ltr'><strong>a</strong></span> <span class='ocrx_word' id='word_1_206' title='bbox 1557 2725 1660 2768; x_wconf 88' lang='lat' dir='ltr'><strong>ere</strong></span> <span class='ocrx_word' id='word_1_207' title='bbox 1700 2752 1718 2787; x_wconf 93' lang='lat'><strong>,</strong></span> 
     </span>
     <span class='ocr_line' id='line_1_30' title="bbox 209 2784 1943 2871; baseline 0.003 -23"><span class='ocrx_word' id='word_1_208' title='bbox 209 2784 400 2859; x_wconf 87' lang='lat' dir='ltr'><strong>Quod</strong></span> <span class='ocrx_word' id='word_1_209' title='bbox 445 2785 689 2869; x_wconf 87' lang='lat' dir='ltr'><strong>legeret</strong></span> <span class='ocrx_word' id='word_1_210' title='bbox 730 2787 1085 2870; x_wconf 86' lang='lat' dir='ltr'><strong>tereretque</strong></span> <span class='ocrx_word' id='word_1_211' title='bbox 1128 2787 1369 2851; x_wconf 84' lang='lat' dir='ltr'><strong>viritim</strong></span> <span class='ocrx_word' id='word_1_212' title='bbox 1411 2788 1703 2871; x_wconf 89' lang='lat' dir='ltr'><strong>publicus</strong></span> <span class='ocrx_word' id='word_1_213' title='bbox 1747 2788 1943 2853; x_wconf 76' lang='lat' dir='ltr'><strong>usus?</strong></span> 
     </span>
     <span class='ocr_line' id='line_1_31' title="bbox 206 2867 1705 2955; baseline 0.001 -22"><span class='ocrx_word' id='word_1_214' title='bbox 206 2867 304 2933; x_wconf 90' lang='lat' dir='ltr'><strong>Vt</strong></span> <span class='ocrx_word' id='word_1_215' title='bbox 345 2868 622 2951; x_wconf 84' lang='lat' dir='ltr'><strong>primum</strong></span> <span class='ocrx_word' id='word_1_216' title='bbox 665 2870 891 2952; x_wconf 89' lang='lat' dir='ltr'><strong>positis</strong></span> <span class='ocrx_word' id='word_1_217' title='bbox 934 2872 1163 2955; x_wconf 89' lang='lat' dir='ltr'><strong>nugari</strong></span> <span class='ocrx_word' id='word_1_218' title='bbox 1210 2871 1478 2937; x_wconf 82' lang='lat' dir='ltr'><strong>Graecia</strong></span> <span class='ocrx_word' id='word_1_219' title='bbox 1520 2872 1705 2936; x_wconf 91' lang='lat' dir='ltr'><strong>bellis</strong></span> 
     </span>
     <span class='ocr_line' id='line_1_32' title="bbox 205 2951 1729 3039; baseline 0.002 -22"><span class='ocrx_word' id='word_1_220' title='bbox 205 2951 446 3035; x_wconf 84' lang='lat' dir='ltr'><strong>Coepit</strong></span> <span class='ocrx_word' id='word_1_221' title='bbox 489 2955 553 3017; x_wconf 89' lang='lat' dir='ltr'><strong>et</strong></span> <span class='ocrx_word' id='word_1_222' title='bbox 595 2954 665 3018; x_wconf 91' lang='lat' dir='ltr'><strong>in</strong></span> <span class='ocrx_word' id='word_1_223' title='bbox 693 2954 919 3018; x_wconf 84' lang='lat' dir='ltr'><strong>vitium</strong></span> <span class='ocrx_word' id='word_1_224' title='bbox 961 2954 1220 3018; x_wconf 88' lang='lat' dir='ltr'><strong>fortuna</strong></span> <span class='ocrx_word' id='word_1_225' title='bbox 1262 2955 1464 3019; x_wconf 91' lang='lat' dir='ltr'><strong>labier</strong></span> <span class='ocrx_word' id='word_1_226' title='bbox 1492 2977 1693 3039; x_wconf 89' lang='lat' dir='ltr'><strong>aequa</strong></span> <span class='ocrx_word' id='word_1_227' title='bbox 1710 3005 1729 3039; x_wconf 93' lang='lat'><strong>,</strong></span> 
     </span>
     <span class='ocr_line' id='line_1_33' title="bbox 201 3035 2143 3123; baseline 0.001 -22"><span class='ocrx_word' id='word_1_228' title='bbox 201 3035 274 3101; x_wconf 87' lang='lat' dir='ltr'>N</span> <span class='ocrx_word' id='word_1_229' title='bbox 275 3057 402 3100; x_wconf 91' lang='lat' dir='ltr'><strong>unc</strong></span> <span class='ocrx_word' id='word_1_230' title='bbox 447 3035 829 3101; x_wconf 89' lang='lat' dir='ltr'><strong>athletarum</strong></span> <span class='ocrx_word' id='word_1_231' title='bbox 874 3038 1098 3102; x_wconf 88' lang='lat' dir='ltr'><strong>studiis</strong></span> <span class='ocrx_word' id='word_1_232' title='bbox 1141 3059 1314 3103; x_wconf 92' lang='lat' dir='ltr'><strong>nunc</strong></span> <span class='ocrx_word' id='word_1_233' title='bbox 1358 3040 1516 3104; x_wconf 89' lang='lat' dir='ltr'><strong>arsit</strong></span> <span class='ocrx_word' id='word_1_234' title='bbox 1559 3060 1894 3123; x_wconf 90' lang='lat' dir='ltr'><strong>equorum,</strong></span> <span class='ocrx_word' id='word_1_235' title='bbox 2077 3052 2143 3102; x_wconf 74' lang='lat'><strong>95</strong></span> 
     </span>
     <span class='ocr_line' id='line_1_34' title="bbox 201 3119 1889 3207; baseline 0.002 -24"><span class='ocrx_word' id='word_1_236' title='bbox 201 3119 549 3184; x_wconf 87' lang='lat' dir='ltr'><strong>Marmoris</strong></span> <span class='ocrx_word' id='word_1_237' title='bbox 594 3123 704 3184; x_wconf 90' lang='lat' dir='ltr'><strong>aut</strong></span> <span class='ocrx_word' id='word_1_238' title='bbox 747 3120 956 3186; x_wconf 88' lang='lat' dir='ltr'><strong>eboris</strong></span> <span class='ocrx_word' id='word_1_239' title='bbox 1000 3121 1216 3187; x_wconf 88' lang='lat' dir='ltr'><strong>fabros</strong></span> <span class='ocrx_word' id='word_1_240' title='bbox 1261 3125 1372 3187; x_wconf 91' lang='lat' dir='ltr'><strong>aut</strong></span> <span class='ocrx_word' id='word_1_241' title='bbox 1415 3124 1577 3188; x_wconf 88' lang='lat' dir='ltr'><strong>aeris</strong></span> <span class='ocrx_word' id='word_1_242' title='bbox 1623 3123 1889 3207; x_wconf 84' lang='lat' dir='ltr'><strong>amavit,</strong></span> 
     </span>
    </p>
   </div>
   <div class='ocr_carea' id='block_1_3' title="bbox 201 3202 1811 3300">
    <p class='ocr_par' dir='ltr' id='par_1_4' title="bbox 201 3202 1811 3300">
     <span class='ocr_line' id='line_1_35' title="bbox 201 3202 1811 3300; baseline 0.003 -33"><span class='ocrx_word' id='word_1_243' title='bbox 201 3202 559 3287; x_wconf 86' lang='lat' dir='ltr'><strong>Suspendit</strong></span> <span class='ocrx_word' id='word_1_244' title='bbox 599 3205 771 3300; x_wconf 89' lang='lat' dir='ltr'><strong>picta</strong></span> <span class='ocrx_word' id='word_1_245' title='bbox 812 3204 1056 3270; x_wconf 83' lang='lat' dir='ltr'><strong>voltum</strong></span> <span class='ocrx_word' id='word_1_246' title='bbox 1099 3209 1504 3290; x_wconf 91' lang='lat' dir='ltr'><strong>mentemque</strong></span> <span class='ocrx_word' id='word_1_247' title='bbox 1546 3208 1811 3289; x_wconf 90' lang='lat' dir='ltr'><strong>tabella,</strong></span> 
     </span>
    </p>
   </div>
   <div class='ocr_carea' id='block_1_4' title="bbox 197 3287 2144 3541">
    <p class='ocr_par' dir='ltr' id='par_1_5' title="bbox 197 3287 2144 3541">
     <span class='ocr_line' id='line_1_36' title="bbox 197 3287 1868 3437; baseline 0.001 -84"><span class='ocrx_word' id='word_1_248' title='bbox 197 3287 272 3353; x_wconf 87' lang='lat' dir='ltr'>N</span> <span class='ocrx_word' id='word_1_249' title='bbox 273 3309 400 3353; x_wconf 90' lang='lat' dir='ltr'><strong>unc</strong></span> <span class='ocrx_word' id='word_1_250' title='bbox 443 3288 813 3352; x_wconf 87' lang='lat' dir='ltr'><strong>tibicmibus</strong></span> <span class='ocrx_word' id='word_1_251' title='bbox 828 3337 846 3371; x_wconf 96' lang='lat'><strong>,</strong></span> <span class='ocrx_word' id='word_1_252' title='bbox 892 3309 1064 3353; x_wconf 92' lang='lat' dir='ltr'><strong>nunc</strong></span> <span class='ocrx_word' id='word_1_253' title='bbox 1109 3292 1208 3354; x_wconf 87' lang='lat' dir='ltr'><strong>est</strong></span> <span class='ocrx_word' id='word_1_254' title='bbox 1247 3292 1471 3437; x_wconf 63' lang='lat' dir='ltr'><strong>gavisa</strong></span> <span class='ocrx_word' id='word_1_255' title='bbox 1662 3291 1868 3376; x_wconf 80' lang='lat' dir='ltr'><strong>oedis3</strong></span> 
     </span>
     <span class='ocr_line' id='line_1_37' title="bbox 199 3371 1784 3458; baseline 0.001 -21"><span class='ocrx_word' id='word_1_256' title='bbox 199 3371 340 3437; x_wconf 85' lang='lat' dir='ltr'><strong>Sub</strong></span> <span class='ocrx_word' id='word_1_257' title='bbox 387 3372 637 3436; x_wconf 83' lang='lat' dir='ltr'><strong>nutrice</strong></span> <span class='ocrx_word' id='word_1_258' title='bbox 680 3372 894 3455; x_wconf 93' lang='lat' dir='ltr'><strong>puella</strong></span> <span class='ocrx_word' id='word_1_259' title='bbox 936 3373 1112 3438; x_wconf 84' lang='lat' dir='ltr'><strong>velut</strong></span> <span class='ocrx_word' id='word_1_260' title='bbox 1154 3374 1210 3437; x_wconf 87' lang='lat' dir='ltr'><strong>si</strong></span> <span class='ocrx_word' id='word_1_261' title='bbox 1277 3373 1498 3439; x_wconf 85' lang='lat' dir='ltr'><strong>uderet</strong></span> <span class='ocrx_word' id='word_1_262' title='bbox 1545 3376 1558 3388; x_wconf 85' lang='lat'>’</span> <span class='ocrx_word' id='word_1_263' title='bbox 1639 3397 1754 3438; x_wconf 89' lang='lat' dir='ltr'><strong>ans</strong></span> <span class='ocrx_word' id='word_1_264' title='bbox 1765 3424 1784 3458; x_wconf 92' lang='lat'><strong>,</strong></span> 
     </span>
     <span class='ocr_line' id='line_1_38' title="bbox 199 3454 2144 3541; baseline -0.001 -20"><span class='ocrx_word' id='word_1_265' title='bbox 199 3454 398 3530; x_wconf 84' lang='lat' dir='ltr'><strong>Quod</strong></span> <span class='ocrx_word' id='word_1_266' title='bbox 444 3454 670 3540; x_wconf 92' lang='lat' dir='ltr'><strong>cupide</strong></span> <span class='ocrx_word' id='word_1_267' title='bbox 761 3457 928 3541; x_wconf 90' lang='lat' dir='ltr'><strong>etiit,</strong></span> <span class='ocrx_word' id='word_1_268' title='bbox 974 3459 1223 3522; x_wconf 87' lang='lat' dir='ltr'><strong>mature</strong></span> <span class='ocrx_word' id='word_1_269' title='bbox 1264 3459 1457 3540; x_wconf 91' lang='lat' dir='ltr'><strong>plena</strong></span> <span class='ocrx_word' id='word_1_270' title='bbox 1498 3459 1772 3541; x_wconf 86' lang='lat' dir='ltr'><strong>reliquit.</strong></span> <span class='ocrx_word' id='word_1_271' title='bbox 2046 3471 2144 3520; x_wconf 88' lang='lat'><strong>100</strong></span> 
     </span>
    </p>
   </div>
   <div class='ocr_carea' id='block_1_5' title="bbox 195 3538 1823 3627">
    <p class='ocr_par' dir='ltr' id='par_1_6' title="bbox 195 3538 1823 3627">
     <span class='ocr_line' id='line_1_39' title="bbox 195 3538 1823 3627; baseline 0 -23"><span class='ocrx_word' id='word_1_272' title='bbox 195 3538 350 3606; x_wconf 89' lang='lat' dir='ltr'><strong>Hoc</strong></span> <span class='ocrx_word' id='word_1_273' title='bbox 391 3561 583 3626; x_wconf 82' lang='lat' dir='ltr'><strong>paces</strong></span> <span class='ocrx_word' id='word_1_274' title='bbox 626 3539 711 3604; x_wconf 90' lang='lat' dir='ltr'><strong>ha</strong></span> <span class='ocrx_word' id='word_1_275' title='bbox 755 3561 903 3604; x_wconf 91' lang='lat' dir='ltr'><strong>uere</strong></span> <span class='ocrx_word' id='word_1_276' title='bbox 946 3540 1154 3607; x_wconf 88' lang='lat' dir='ltr'><strong>bonae</strong></span> <span class='ocrx_word' id='word_1_277' title='bbox 1198 3541 1497 3627; x_wconf 84' lang='lat' dir='ltr'><strong>ventique</strong></span> <span class='ocrx_word' id='word_1_278' title='bbox 1542 3540 1823 3607; x_wconf 87' lang='lat' dir='ltr'><strong>secundi.</strong></span> 
     </span>
    </p>
   </div>
  </div>
 </body>
</html>
