2588 4046
462 240 582 306 128
1209 243 1634 301 SATLRARVM
2297 246 2387 320 [11.

583 408 714 475 Sub
757 408 1043 493 patribus
1088 408 1260 473 duris
1302 408 1603 473 tironum.
1701 406 2026 473 ‘Maxime'
2073 408 2216 491 quis
2256 428 2389 473 non

584 492 946 577 ‘Iuppiterl’
979 492 1306 573 exclamat,
1337 491 1528 556 simul
1557 495 1745 576 atque
1775 491 2058 557 audivit?
2093 492 2211 556 ‘At
2230 492 2299 556 in
2322 512 2389 556 se

582 577 709 641 Pro
735 581 997 661 quaestu
1020 578 1344 674 sumptum
1365 576 1520 641 facit
1534 576 1689 641 hic.’
1732 575 1861 642 Vix
1884 576 2135 641 credere
2206 576 2388 673 03313,

457 674 527 726 20
589 661 793 738 Quam
822 661 944 726 sibi
969 682 1105 725 non
1132 663 1219 726 sit
1245 660 1486 725 amicus
1499 709 1518 745 ‚
1549 660 1641 725 ita
1660 663 1735 725 ut
1754 663 1938 745 pater
1957 661 2095 744 ille,
2188 662 2391 725 erenti

584 745 829 811 Fabula
871 766 1059 829 quem
1102 746 1406 810 miserum
1446 747 1643 830 gnato
1687 745 1921 809 vixisse
1963 744 2189 829 fugato

584 830 869 914 Inducit,
910 850 1045 893 non
1087 850 1156 894 se
1197 829 1381 914 peius
1425 828 1797 914 cruciaverit
1839 831 2027 912 atque
2077 827 2203 894 hic.

588 914 799 998 Siquis
827 934 999 978 nunc
1029 916 1290 997 quaerat
1319 919 1469 1011 ‘quo
1506 935 1609 979 res
1636 912 1795 978 haec
1821 912 2101 997 pertinet
2110 912 2171 976 ‘R'
2204 913 2390 978 illuc:

585 998 757 1062 Dum
799 1000 1006 1062 vitant
1047 998 1229 1063 stulti
1269 998 1453 1080 vitm,
1498 997 1569 1061 in
1613 998 1929 1062 contraria
1971 999 2252 1062 currunt.

458 1096 525 1146 25
585 1082 935 1147 Malthinus
977 1082 1214 1146 tunicis
1258 1081 1550 1146 demissis
1593 1081 1905 1166 ambulat3
1948 1084 2047 1146 est
2089 1081 2198 1165 qui

585 1167 838 1251 Inguen
880 1165 959 1230 ad
1003 1166 1388 1231 obscaenum
1433 1165 1758 1231 subductis
1800 1186 2001 1249 usque
2044 1164 2310 1231 facetus.

586 1250 887 1315 Pastillos
929 1249 1200 1315 Rufillus
1245 1250 1403 1333 olet,
1450 1248 1810 1347 Gargonius
1851 1249 2118 1315 hircum.

584 1334 699 1400 Nil
727 1333 1087 1399 mediumst.
1136 1334 1302 1399 Sunt
1344 1333 1454 1417 qui
1479 1334 1692 1398 nolint
1734 1334 2024 1419 tetigisse
2051 1333 2180 1398 nisi
2223 1334 2392 1418 illas,

587 1418 867 1494 Quarum
910 1419 1173 1483 subsuta
1214 1418 1380 1482 talos
1423 1420 1601 1504 tegat
1644 1418 1870 1483 instita
1910 1421 2120 1503 veste;

459 1515 529 1565 80
592 1501 833 1569 Contra
867 1502 1029 1567 alius
1056 1503 1304 1568 nullam
1329 1502 1457 1566 nisi
1486 1502 1686 1567 olenti
1714 1502 1783 1567 in
1818 1503 2061 1568 fornice
2090 1505 2392 1567 stantem.

589 1586 860 1663 Quidam
901 1589 1094 1652 notus
1137 1586 1330 1652 homo
1377 1607 1524 1651 cum
1581 1586 1781 1651 exiret
1820 1586 2095 1671 fornice,
2155 1588 2394 1651 ‘macte

585 1670 839 1736 Virtute
884 1673 1045 1735 esto’
1088 1671 1302 1754 inquit
1344 1670 1660 1735 sententia
1702 1669 1806 1734 dia
1841 1669 2132 1736 Catonis:

589 1754 678 1822 ‘N
680 1777 783 1819 am
827 1756 1017 1821 simul
1059 1776 1133 1821 ac
1175 1776 1371 1820 venas
1415 1754 1658 1819 inflavit
1689 1758 1862 1818 tecta
1901 1754 2136 1835 libide,

585 1839 731 1905 Huc
774 1841 1033 1904 iuvenes
1078 1841 1412 1923 aequumst
1455 1838 1834 1903 descendere
1848 1888 1866 1923 ‚
1912 1860 2048 1904 non
2089 1839 2333 1905 alienas

460 1936 527 1986 85
589 1924 950 1989 Permolere
992 1930 1268 1988 uxores.’
1361 1922 1605 1989 ‘Nolim
1655 1923 1994 1988 laudarier’
2040 1923 2249 2007 inquit

588 2008 719 2074 ‘Sic
760 2017 886 2073 me'
933 2007 1196 2073 mirator
1240 2007 1435 2073 cunni
1480 2005 1872 2092 Cupiennius
1917 2007 2066 2074 albi.

586 2093 889 2157 Audirest
932 2113 1159 2176 operae
1201 2092 1507 2176 pretium,
1551 2091 1893 2176 procedere
1934 2096 2107 2158 recte

589 2176 713 2252 Qui
754 2175 1056 2240 moechos
1085 2197 1220 2240 non
1262 2176 1483 2260 voltis,
1527 2179 1601 2240 ut
1630 2177 1808 2241 omni
1848 2180 2032 2261 parte
2074 2177 2392 2261 laborent,

584 2261 799 2344 thue
841 2260 970 2324 illis
1012 2260 1214 2325 multo
1260 2263 1561 2345 corrupta
1603 2260 1821 2326 dolore
1862 2262 2157 2345 voluptas
2171 2310 2189 2345 ‚

459 2355 529 2408 40
589 2346 804 2429 Atque
846 2344 1003 2409 haec
1045 2366 1188 2409 rara
1199 2392 1220 2429 ,
1265 2344 1450 2409 cadat
1490 2345 1648 2410 dura
1689 2346 1857 2410 inter
1901 2367 2089 2430 saepe
2178 2346 2390 2412 cricla.

586 2429 712 2494 Hic
756 2449 823 2494 se
866 2428 1278 2513 praecipitem
1322 2432 1493 2494 tecto
1538 2429 1741 2514 dedit,
1784 2430 1895 2495 ille
1935 2429 2101 2515 110ςο
2159 2430 2208 2495 ’3

585 2513 693 2578 Ad
733 2517 1005 2578 mortem
1050 2534 1299 2596 caesus,
1343 2513 1597 2598 fugiens
1639 2513 1747 2579 hic
1790 2513 2026 2579 decidit
2066 2535 2279 2580 acrem

586 2596 988 2663 Praedonum
1049 2597 1120 2663 in
1180 2596 1461 2681 turbam,
1536 2598 1711 2663 dedit
1771 2598 1877 2664 hic
1939 2619 2058 2683 pro
2124 2618 2395 2683 corpore

846 2732 849 2735 -
1114 2719 1119 2724 ·
1658 2704 1981 2768 111111111103,

585 2767 777 2833 Hunc
865 2768 1300 2833 erminxerunt
1341 2769 1624 2854 calones3
1724 2768 1838 2832 uin
1880 2767 2074 2833 etiam
2115 2768 2279 2833 illud

460 2863 526 2915 45
590 2851 817 2917 Accidi
855 2901 874 2937 ‚
919 2855 993 2917 ut
1037 2852 1286 2918 cuidam
1330 2855 1526 2918 testes
1571 2873 1687 2917 cau
1730 2874 1835 2917 am
1876 2873 1955 2917 ue
2001 2854 2282 2917 salacem

586 2935 998 3001 Demeterent
1048 2936 1239 3002 ferro.
1300 2937 1491 3001 ‘Iure'
1537 2958 1786 3023 omnes3
1904 2938 2051 3002 alba
2089 2959 2173 3003 ne
2220 2938 2390 3002 abat⁴

588 3019 813 3084 Tutior
855 3023 922 3084 at
965 3024 1202 3104 quanto
1245 3042 1424 3086 merx
1467 3025 1565 3086 est
1607 3021 1678 3086 in
1720 3022 1921 3087 classe
1965 3042 2161 3087 secun
2204 3042 2273 3106 0,

587 3103 1059 3169 Libertinarum
1103 3105 1276 3190 11100,
1324 3105 1637 3171 Salustius
1680 3107 1751 3171 in
1795 3127 1950 3190 quas
2329 3118 2344 3124 ⁴

585 3187 739 3253 Non
754 3189 966 3253 minus
988 3190 1227 3254 insanit
1249 3211 1441 3274 quam
1475 3191 1583 3274 qui
1612 3190 2000 3257 moechatur.
2064 3192 2156 3256 At
2185 3190 2294 3256 hic
2316 3191 2392 3275 si,

461 3283 530 3334 60
589 3272 729 3348 Qua
771 3294 903 3358 res,
948 3295 1072 3357 qua
1111 3275 1275 3339 ratio
1321 3275 1642 3360 suaderet,
1688 3297 1935 3360 quaque
1976 3274 2265 3340 modeste

589 3355 893 3421 Munifico
939 3379 1075 3423 esse
1120 3359 1299 3443 licet,
1355 3360 1548 3424 vellet
1588 3360 1795 3425 bonus
1841 3363 2029 3444 atque
2071 3359 2392 3444 benignus

588 3440 780 3526 Esse,
826 3441 1007 3507 daret
1089 3446 1358 3508 uantum
1400 3444 1554 3507 satis
1588 3447 1755 3509 esset
1764 3493 1783 3529 ‚
1825 3465 1947 3509 nec
1989 3444 2112 3509 sibi
2155 3443 2390 3508 damno

588 3524 1025 3611 Dedecorique
1082 3531 1237 3593 oret.
1284 3527 1526 3594 Verum
1554 3527 1677 3595 hoc
1706 3550 1774 3595 30
1805 3529 2211 3616 amplectitur
2237 3549 2391 3609 unc,
