2588 4046
132 260 333 335 mm}
875 263 1090 318 usna
1132 264 1196 321 11.
1921 259 2009 323 49

259 424 636 509 Quamquam
683 424 930 489 choreis
975 426 1186 509 aptior
1226 427 1290 490 et
1333 425 1490 491 iocis
1936 436 2008 487 25

258 508 544 593 Ludoque
591 509 797 573 dictus
870 530 1006 573 non
1049 516 1148 573 sat
1190 508 1455 574 idoneus

329 593 421 658 Pu
515 614 589 657 ae
631 593 967 657 ferebaris·
1015 593 1126 657 sed
1168 593 1339 657 idem

472 678 602 742 acis
648 698 785 741 eras
830 643 1197 761 meoiusque
1240 677 1413 741 belli.

258 792 336 858 Te
375 794 534 858 vidit
578 795 801 859 insons
847 793 1157 860 Cerberus
1201 815 1391 859 aureo

261 876 464 942 Cornu
507 878 836 962 decorum,
881 879 1111 943 leniter
1154 880 1432 942 atterens
1936 889 2011 941 30

331 961 637 1046 Gaudam,
684 964 750 1026 et
789 962 1143 1026 recedentis
1187 962 1481 1046 trilingui

421 1044 546 1111 Ore
588 1045 782 1129 pedes
825 1045 1165 1131 tetigitque
1211 1066 1409 1110 crura.

957 1268 1114 1342 XX.

258 1378 396 1444 Non
437 1382 671 1445 usitata
711 1402 831 1446 nec
873 1383 1050 1447 tenui
1093 1382 1261 1446 ferar

265 1459 464 1528 Pinna
505 1465 798 1530 biformis
840 1488 955 1564 per
1004 1465 1314 1549 liquidum
1360 1465 1615 1530 aethera

332 1547 555 1633 Vates,
597 1570 806 1633 neque
849 1572 918 1613 m
960 1552 1146 1614 terris
1191 1550 1489 1613 morabor

420 1632 705 1718 Longius
750 1634 1111 1717 invidiaque
1153 1634 1358 1698 maior

264 1747 451 1814 Vrbes
472 1752 865 1847 relinquam.
952 1751 1106 1817 Non
1150 1772 1269 1836 ego
1282 1800 1301 1835 ,
1346 1771 1695 1835 pauperum
1968 1765 2003 1816 6

264 1831 520 1931 Sangms
563 1838 928 1919 parent-um,
971 1856 1107 1900 non
1136 1856 1287 1921 eg0,
1333 1838 1375 1916 †
1397 1856 1583 1918 quem
1612 1856 1831 1920 vocas,

336 1916 578 1983 D1lecte
620 1919 984 2003 Maecenas,
1033 1920 1223 1984 obibo

422 2001 559 2068 Nec
604 2001 827 2089 Stygia
870 2003 1214 2069 cohibebor
1256 2002 1445 2069 unda.

265 2118 412 2265 gam
451 2120 577 2184 iam
618 2120 907 2186 residunt
949 2122 1233 2186 cruribus
1278 2143 1539 2205 asperae

313 2203 456 2268 elles
500 2209 564 2269 et
606 2206 824 2269 album
865 2209 1079 2271 mutor
1122 2205 1191 2269 in
1235 2206 1452 2269 alitem
1940 2221 2004 2271 ιο

343 2285 420 2353 Su
467 2309 615 2353 erne
629 2338 647 2372 ,
692 2292 1163 2374 nascunturque
1206 2291 1378 2354 leves

477 2393 544 2437 er
588 2373 827 2458 digitos
869 2395 1246 2458 umerosque
1289 2374 1587 2460 plumae]

268 2485 390 2551 Iam
429 2489 746 2555 Daedaleo
789 2492 987 2556 tutior
1029 2491 1211 2556 Icaro

267 2568 472 2637 Visam
512 2576 829 2660 gementis
873 2577 1063 2640 litora
1104 2576 1426 2659 Bosphori

343 2655 672 2742 Syrtesque
711 2659 1011 2724 Gaetulas
1058 2681 1327 2724 canorus
1940 2675 2002 2723 15

424 2742 574 2807 Ales
619 2742 1191 2828 Hyperboreosque
1236 2764 1511 2827 campos,

268 2855 360 2920 Me
402 2857 670 2924 Colchus
717 2864 782 2925 et
793 2910 813 2944 ‚
901 2862 967 2925 ui
1011 2861 1367 2926 dissimulat
1408 2864 1648 2926 metum

269 2936 492 3007 Marsae
535 2944 818 3009 cohortis
827 2994 846 3029 ,
955 2967 1102 3010 acus
1148 2950 1213 3010 et
1253 2945 1463 3010 ultimi

340 3023 615 3093 Noscent
659 3028 922 3113 Geloni,
969 3052 1070 3094 me
1110 3029 1393 3114 †peritus

423 3109 641 3178 Discet
659 3108 886 3177 'Hiber
927 3113 1345 3197 Rhodanique
1388 3116 1595 3196 potor.
1935 3128 2004 3177 20

269 3224 482 3292 Absint
521 3230 701 3294 inam*
742 3231 964 3296 funere
1008 3233 1237 3296 neniae

269 3304 601 3397 Luctusque
644 3318 863 3398 turpes
908 3318 973 3380 et
1016 3315 1474 3399 querimoniae3

340 3392 651 3545 Coffiesce
699 3399 1038 3465 clamorem
1082 3422 1156 3465 ac
1200 3400 1472 3484 sepulcri

493 3483 600 3547 ’tte
647 3504 1067 3567 supervacuos
1112 3484 1407 3548 honores,

331 3639 431 3676 m

217 3621 329 3671 Bon
