2588 4046
435 220 554 285 194
1127 225 1641 282 ums‘rmavn
2234 223 2361 298 [w.

556 386 645 452 Et
733 409 888 452 enus
931 391 995 452 et
1036 387 1312 452 formam
1353 388 1579 472 regina
1620 386 1901 451 Pecunia
1941 387 2167 469 donat,

554 471 654 535 Ac
685 409 858 535 {ene
898 475 1299 536 nummatum
1342 471 1601 536 decorat
1643 469 1915 535 Suadela
1954 469 2337 554 Venusque,

553 554 893 639 Mancipiis
936 556 1220 639 locuples
1264 577 1300 620 e
1348 559 1411 619 et
1453 556 1615 619 aeris
1659 553 2109 638 Cappadocum
2153 575 2303 618 rex:

430 651 497 701 40
554 637 655 704 Ne
695 638 891 703 fueris
933 638 1039 703 hic
1081 642 1171 704 tu.
1250 578 1635 722 Ofilamydes
1662 638 1996 723 Lucullus,
2038 642 2111 702 ut
2154 639 2362 723 aiunt,

558 721 626 787 Si
669 726 888 806 posset
931 726 1185 788 centum
1229 744 1496 788 scaenae
1537 722 1840 806 praebere
1880 726 2174 807 rogatus,

559 804 708 881 ‘Qui
758 827 1020 890 possum
1071 807 1239 871 tot‘?’
1298 807 1416 892 ait3
1471 809 1714 871 ‘tamen
1763 809 1831 870 et
1939 827 2226 889 uaeram,
2294 807 2362 872 et

1643 892 1800 974 quot
1839 891 1928 954 ha
1969 891 2089 955 ebo
2394 915 2403 924 ·

557 974 864 1057 Mittamg’
899 976 1049 1072 post
1074 975 1267 1058 paulo
1298 974 1548 1058 scribit,
1592 974 1717 1038 sibi
1742 974 2230 1057 miliaquinque

556 1057 718 1123 Esse
748 1058 922 1123 dorm
951 1057 1382 1142 chlamydum,
1421 1061 1671 1142 partem
1699 1059 1801 1123 vel
1828 1058 2086 1123 tolleret
2112 1079 2360 1125 omnes.

433 1156 496 1205 45
563 1141 769 1206 Exilis
814 1141 1038 1206 domus
1082 1146 1204 1224 est,
1247 1142 1360 1206 ubi
1401 1163 1536 1207 non
1577 1145 1644 1206 et
1685 1143 1888 1207 multa
1930 1145 2276 1226 supersunt

556 1225 646 1290 Et
687 1225 1013 1290 dominum
1054 1225 1289 1290 fallunt
1332 1229 1398 1290 et
1436 1228 1709 1311 prosunt
1749 1226 2013 1290 furibus,
2090 1226 2273 1311 Ergo

560 1310 629 1374 Si
666 1330 770 1374 res
815 1310 952 1374 sola
992 1313 1207 1393 potest
1246 1310 1455 1375 facere
1499 1314 1564 1375 et
1606 1331 1854 1375 servare
1895 1310 2183 1393 beatum,

559 1392 703 1458 Hoc
745 1393 987 1477 primus
1015 1397 1266 1478 repetas
1296 1415 1486 1478 opus,
1530 1394 1655 1460 hoc
1684 1397 2044 1478 postremus
2075 1395 2356 1459 omittas.

562 1476 630 1541 Si
673 1477 1070 1541 fortunatum
1115 1479 1357 1561 species
1402 1481 1467 1543 et
1507 1480 1717 1563 gratia
1756 1481 2069 1561 praestat,

434 1573 500 1622 50
560 1560 917 1626 Mercemur
960 1583 1239 1644 servum,
1284 1562 1395 1645 qui
1438 1561 1635 1627 dictet
1674 1563 1964 1645 nomina,
2010 1563 2265 1627 laevum

562 1644 686 1720 Qui
727 1645 964 1710 fodicet
1004 1646 1170 1710 latus
1201 1649 1267 1710 et
1292 1649 1486 1730 cogat
1525 1649 1702 1710 trans
1743 1645 2027 1730 pondera
2067 1646 2359 1711 dextram

560 1728 897 1826 Porrigere
940 1728 1069 1793 ‘hic
1097 1730 1370 1794 multum
1401 1731 1468 1793 in
1497 1729 1695 1795 Fabia
1722 1730 1922 1813 valet,
1950 1730 2061 1793 ine
2089 1729 2360 1816 Velina;

564 1811 684 1878 Cui
727 1814 885 1877 hbet
926 1812 1032 1877 hic
1073 1813 1278 1878 fasces
1325 1813 1530 1897 dabit,
1581 1815 1925 1897 eripietque
1969 1814 2188 1878 curule

564 1896 682 1962 Oui
710 1898 883 1962 volet
910 1898 1293 1980 inportunus
1330 1897 1528 1962 ebur.'
1589 1898 1859 1962 ‘Frater’
1903 1900 2135 1982 ‘pater'
2166 1898 2360 1984 adde3

436 1991 501 2044 55
565 1979 657 2046 Vt
699 1981 985 2066 cuiquest
1026 1984 1198 2046 aetas
1211 2032 1230 2066 ,
1274 1982 1368 2046 ita
1411 2003 1719 2067 quemque
1760 1982 2003 2048 facetus
2047 1983 2312 2068 adopta.

562 2064 631 2130 Si
673 2066 834 2130 bene
879 2066 986 2148 qui
1032 2070 1219 2131 cenat
1259 2067 1423 2131 bene
1466 2067 1649 2150 vivit,
1696 2068 1895 2150 lucet,
1941 2088 2160 2132 eamus

563 2148 701 2224 Quo
747 2149 921 2213 ducit
960 2151 1141 2234 gula3
1185 2151 1532 2234 piscemur,
1575 2171 1878 2216 venemur
1949 2155 2024 2215 ut
2067 2153 2219 2217 olim

565 2233 914 2317 Gargilius,
960 2235 1069 2317 qui
1110 2255 1300 2299 mane
1341 2235 1595 2319 plagas,
1638 2199 1980 2319 venabula,
2025 2256 2277 2320 servos,

561 2316 901 2381 Differtum
941 2318 1214 2382 transire
1254 2318 1467 2382 forum
1510 2319 1940 2403 populumque
1983 2319 2273 2403 iubebat,

435 2414 503 2464 60
560 2400 742 2466 Vnus
785 2405 859 2465 ut
900 2422 935 2465 e
977 2402 1195 2466 multis
1235 2403 1476 2486 populo
1521 2406 1848 2486 spectante
1889 2402 2157 2468 referret

560 2484 685 2549 Em
730 2488 866 2549 tum
894 2486 1105 2550 mulus
1134 2506 1173 2549 a
1216 2507 1375 2550 rum.
1445 2485 1639 2553 Crudi
1665 2487 2016 2570 tumidique
2051 2487 2353 2574 lavemun

564 2568 687 2645 Qui
773 2568 1020 2652 deceat,
1065 2570 1172 2653 qui
1258 2590 1393 2634 non
1436 2570 1648 2653 obliti,
1694 2569 1945 2637 Caerite
1988 2593 2135 2635 cera

556 2651 786 2751 Digni,
830 2653 1166 2737 remigium
1208 2652 1506 2718 vitiosum
1546 2653 1904 2719 Ithacensis
1945 2653 2153 2738 Vlixi,

562 2736 683 2802 Oul
769 2737 937 2801 otior
975 2737 1185 2821 patria
1226 2737 1350 2801 fuit
1391 2738 1732 2802 interdicta
1773 2739 2086 2822 voluptas.

434 2832 501 2884 6⁵
565 2820 662 2902 Si,
778 2820 1121 2885 imnermus
1163 2821 1258 2884 uti
1303 2824 1547 2905 censet,
1594 2822 1731 2886 sine
1774 2842 1987 2886 amore
2030 2823 2321 2907 iocisque

559 2903 624 2968 N
625 2904 673 2968 il
715 2906 815 2968 est
854 2905 1228 3002 iucundum,
1272 2906 1452 2969 vivas
1494 2906 1564 2969 in
1605 2926 1819 2971 amore
1862 2907 2163 2990 iocisque.

558 2986 749 3069 Vive,
792 2988 951 3053 vale.
1040 2987 1262 3086 Siquid
1304 2989 1539 3053 novisti
1580 2990 1814 3054 rectius
1858 2989 2029 3072 istie,

561 3070 880 3138 candidus
923 3073 1183 3158 inpert13
1232 3073 1288 3137 si
1330 3093 1492 3157 non,
1537 3072 1638 3137 his
1681 3077 1858 3139 utere
1900 3094 2168 3140 mecum.
