2588 4046
176 230 267 304 m]
982 229 1198 285 ΜΒΕΒ
1239 230 1310 286 11.
1993 224 2113 289 175

181 392 442 459 Scilicet
484 391 652 457 elabi
694 392 751 457 si
792 394 1014 477 posset
1054 396 1332 490 mortua5
1379 393 1565 458 credo
1581 441 1600 477 ,

179 477 365 554 Quod
408 477 680 542 nimium
723 476 1047 541 institerat
1086 477 1348 542 viventl.
1436 476 1677 543 Cautus
1720 477 1892 543 adito
1905 526 1924 562 ,

177 562 321 628 Neu
366 560 537 626 desis
581 581 840 645 operae,
882 582 1043 626 neve
1087 560 1520 627 inmoderatus
1564 563 1864 627 abundent.

175 645 528 710 Difficilem
572 647 637 709 et
678 665 1005 711 morosum
1049 644 1331 710 offendes
1374 647 1698 731 garrulus:
1742 647 1910 712 ultra
2042 659 2110 710 90

174 729 329 795 Non
372 729 568 794 etiam
610 729 828 815 sileas3
872 728 1092 794 Davus
1136 730 1225 795 sis
1269 731 1550 796 comicus
1595 734 1785 814 atque

175 814 319 880 Stes
363 814 574 911 capite
616 814 872 898 obstipo
882 861 903 897 ,
948 813 1221 878 multum
1265 814 1492 879 similis
1534 816 1863 880 metuenti.

174 898 498 982 Obsequio
539 919 860 995 grassare:
905 918 1126 982 mone,
1171 899 1227 963 si
1268 899 1586 965 increbuit
1629 920 1810 982 aura,

175 982 419 1049 Cautus
462 985 557 1047 uti
598 983 767 1048 velet
809 1003 1027 1048 carum
1070 985 1287 1068 caput;
1335 982 1592 1048 extrahe
1633 984 1822 1047 turba

175 1066 509 1152 oppositis
551 1067 816 1153 umeris;
864 1088 1081 1132 aurem
1125 1067 1491 1153 substringe
1535 1067 1804 1151 loquaci.
2041 1080 2107 1130 95

172 1151 252 1216 In
299 1154 568 1215 ortunus
611 1154 787 1215 amat
828 1150 1104 1217 laudari:
1150 1150 1354 1216 donec
1398 1151 1597 1217 ‘ohel’
1642 1152 1771 1216 iam

172 1174 297 1300 Acl'
322 1235 571 1300 caelum
611 1235 908 1301 manibus
950 1235 1218 1301 sublatis
1262 1235 1524 1319 dixerit,
1566 1257 1767 1320 urgue
1810 1239 1877 1301 et

173 1319 584 1387 Crescentem
625 1319 887 1385 tumidis
935 1320 1091 1385 infla
1131 1321 1531 1386 sermonibus
1574 1323 1799 1386 utrem.

173 1404 337 1471 Cum
380 1407 447 1469 te
489 1404 744 1469 servitio
789 1405 986 1489 longo
1032 1425 1307 1489 curaque
1349 1405 1606 1489 levarit,

169 1488 262 1554 Et
305 1490 549 1554 certum
588 1488 867 1574 vigilans
911 1491 1192 1572 ‘quartae
1237 1491 1374 1553 esto
1418 1489 1617 1573 partis
1660 1488 1905 1554 Vlixes’
2010 1503 2107 1552 100

172 1573 475 1638 Audieris
520 1572 727 1638 ‘heres
741 1580 781 1638 τ’
837 1579 1016 1658 ‘ergo
1059 1593 1232 1637 nunc
1274 1571 1482 1638 Dama
1524 1572 1760 1638 sodalis

170 1656 612 1742 Nusquamst?
635 1656 803 1722 unde
826 1656 985 1722 mihi
1005 1659 1142 1721 tam
1162 1657 1401 1736 fortem⁴
1415 1659 1675 1740 tamque
1697 1656 1949 1722 fidelem
1958 1657 2018 1722 Ῥ

172 1741 216 1807 S
264 1763 420 1890 argo
443 1741 709 1807 subinde
734 1744 816 1825 et,
841 1741 895 1805 si
916 1741 1203 1825 paullum
1271 1744 1429 1826 otes,
1451 1741 1810 1826 inlacrima3
1835 1762 1869 1806 e
1890 1744 2023 1806 rest

171 1848 564 1975 Pgrmmsumu
371 1847 425 1924 ‘a
465 1826 868 1974 prudaffrziietffo
881 1825 1395 1975 vssilntgndossdiblg
1436 1825 1955 1976 egetguffleinil'linnus
2008 1922 2103 1973 105

170 1994 454 2081 Egregie
496 1994 737 2060 factum
777 1993 995 2060 laudet
1034 1994 1288 2061 vicinia.
1364 1994 1574 2094 Siquis

174 2079 367 2145 Forte
412 2078 792 2146 coheredum
836 2080 1050 2145 senior
1090 2080 1258 2144 male
1301 2082 1557 2164 tussoet,
1601 2080 1751 2145 huic
1791 2082 1864 2145 tu

173 2163 325 2248 Dic,
373 2185 452 2229 ex
493 2166 672 2248 parte
715 2166 826 2229 tua
868 2185 981 2231 seu
1022 2163 1205 2229 fundi
1248 2164 1381 2230 sive
1425 2165 1650 2230 domus
1694 2165 1779 2229 sit

172 2247 446 2333 Emptor
457 2296 476 2332 ,
521 2247 905 2334 gaudentem
931 2269 1193 2314 nummo
1237 2251 1302 2313 te
1331 2248 1639 2315 addicere.
1705 2249 1831 2315 Sed
1872 2270 1976 2314 me

172 2331 529 2417 Imperiosa
571 2332 771 2397 trahit
812 2332 1226 2418 Proserpina:
1270 2334 1413 2399 vive
1460 2334 1766 2418 valeque!

1070 2624 1193 2700 VI.

170 2754 314 2820 Hoc
358 2759 498 2821 erat
534 2755 607 2821 in
649 2756 846 2822 votis:
897 2756 1125 2821 modus
1168 2756 1310 2855 agri
1351 2776 1487 2821 non
1527 2755 1618 2820 ita
1658 2775 1961 2840 magnus,

172 2839 415 2906 Hortus
457 2839 567 2905 ubi
612 2842 678 2905 et
717 2842 886 2906 tecto
930 2840 1175 2906 vicinus
1219 2840 1387 2926 iugis
1431 2860 1631 2924 aquae
1673 2839 1820 2904 fons

171 2923 260 2989 Et
300 2924 589 3009 paullum
619 2925 815 2990 silvae
859 2946 1048 3009 super
1088 2924 1191 2990 his
1235 2925 1419 2990 foret.
1485 2924 1754 2991 Auctius
1784 2925 1974 3007 atque

171 3006 255 3073 Di
298 3009 526 3074 melius
571 3008 795 3074 fecere.
873 3004 1131 3075 Benest.
1175 3008 1289 3075 Nil
1335 3009 1608 3107 amplius
1653 3028 1796 3092 oro,

171 3092 342 3158 Maia
367 3095 548 3177 nate,
577 3093 706 3158 nisi
734 3096 809 3159 ut
833 3095 1093 3178 propria
1120 3094 1275 3159 haec
1306 3094 1466 3159 mih1
1493 3115 1760 3159 munera
1788 3092 1971 3159 faxis.
2068 3102 2101 3155 5

172 3176 239 3242 Si
279 3198 490 3262 neque
530 3178 837 3244 maiorem
878 3178 1003 3243 feci
1045 3178 1294 3244 ratione
1337 3179 1506 3243 mala
1545 3200 1715 3263 rem,

171 3260 307 3328 Nec
352 3283 495 3328 sum
537 3262 822 3328 facturus
865 3263 1020 3327 vitio
1067 3263 1331 3347 culpave
1374 3264 1715 3348 minorem;

174 3344 240 3410 Si
280 3367 552 3412 veneror
594 3347 826 3412 stultus
869 3347 1032 3412 nihil
1074 3347 1305 3413 horum
1348 3355 1410 3411 ‘o
1455 3348 1510 3412 si
1550 3347 1823 3433 angulus
1867 3346 1976 3411 ille

173 3428 505 3496 Proximus
551 3430 833 3530 accedat,
856 3433 965 3581 Pui
1008 3453 1179 3499 nunc
1223 3432 1560 3498 denormat
1602 3432 1909 3527 agellum!

174 3512 228 3581 Ο
250 3516 307 3580 si
325 3534 554 3582 urnam
573 3519 827 3602 argenti
888 3538 993 3583 ors
1024 3538 1183 3602 quae
1215 3517 1375 3582 mihi
1402 3519 1736 3600 monstret,
1767 3518 1838 3580 ut
1854 3514 1946 3580 111³
