2588 4046
211 273 432 347 xvm]
1041 273 1256 328 Lmen
1298 273 1342 332 1.
2005 269 2127 334 211

212 436 611 500 Alterutrum
650 434 838 499 velox
880 433 1145 499 victoria
1185 435 1412 500 flonde
1454 439 1734 502 coronet.

210 518 589 587 Consentire
633 518 764 584 suis
808 517 1035 584 studiis
1078 519 1185 601 qui
1231 519 1565 586 crediderit
1605 522 1699 604 te,
2065 531 2131 584 ⁸6

207 602 449 667 Fautor
490 602 760 685 utroque
801 604 983 666 tuum
1025 602 1311 667 laudabit
1351 603 1583 687 pollice
1625 603 1863 669 ludum.

207 686 511 751 Protinus
553 688 628 751 ut
667 706 991 772 moneam,
1036 685 1242 769 siquid
1286 687 1623 752 monitoris
1668 709 1818 773 eges
1860 690 1962 752 tu:

210 769 378 847 Quid
421 769 500 834 de
544 789 793 853 quoque
835 769 972 834 viro
1017 772 1083 834 et
1124 772 1226 835 cui
1269 770 1443 836 dicas
1519 792 1626 836 sae
1674 792 1708 836 e
1750 771 1980 836 videto.

206 854 729 919 Percontatorem
892 855 1010 919 'tot
1052 875 1204 918 nam
1244 820 1537 940 gan-rusus
1586 856 1599 869 ⁰
1647 858 1837 938 emst,

205 937 348 1003 Nec
389 937 671 1001 retinent
711 958 795 1021 pa
1009 938 1326 1003 conmissa
1366 938 1638 1003 fideliter
1681 959 1893 1022 aures,
2064 951 2132 1002 ’10

206 1021 298 1087 Et
340 1022 540 1086 semel
583 1021 884 1086 emissum
928 1021 1104 1085 volat
1144 1020 1570 1087 inrevocabile
1611 1022 1894 1088 verbum.

207 1104 362 1171 Non
406 1104 641 1169 ancilla
681 1106 863 1169 tuum
904 1104 1079 1171 iecur
1118 1105 1359 1170 ulceret
1399 1106 1532 1170 ulla
1572 1127 1806 1190 puerve

207 1189 390 1254 Intra
431 1209 856 1254 marmoreum
898 1189 1242 1255 venerandi
1285 1189 1482 1254 limen
1523 1189 1743 1273 amici,

183 1272 308 1348 >Ne
352 1272 648 1338 dominus
690 1273 873 1356 pueri
914 1272 1165 1356 pulchri
1209 1293 1470 1338 caraeve
1512 1275 1761 1357 puellae

206 1356 475 1422 Munere
515 1359 582 1420 te
623 1376 819 1441 parvo
862 1356 1011 1422 beet
1051 1358 1162 1421 aut
1201 1357 1642 1423 incommodus
1686 1361 1898 1444 angat.
2065 1370 2130 1422 75

207 1439 476 1517 Qualem
531 1439 966 1524 commendes,
1026 1440 1218 1506 etiam
1273 1444 1464 1526 atque
1517 1443 1708 1507 etiam
1760 1443 2003 1528 aspice,

1419 1546 1503 1591 ne
1545 1546 1695 1590 mox

203 1608 536 1673 Incutiant
577 1607 784 1673 aliena
825 1608 945 1673 tibi
986 1611 1251 1693 peccata
1290 1608 1617 1692 pudorem.

203 1691 517 1757 Fallimur
578 1694 642 1756 et
712 1691 991 1757 uondam
1018 1713 1152 1756 non
1181 1692 1447 1777 dignum
1472 1692 1808 1757 tradimus:
1851 1713 2002 1777 ergo

203 1775 412 1853 Quem
456 1795 570 1839 sua
609 1795 646 1840 c
714 1796 797 1858 pa
837 1777 1112 1859 premet,
1158 1775 1458 1859 deceptus
1502 1776 1725 1840 omitte
1766 1776 1960 1860 tueri3

199 1859 294 1925 Vt
337 1859 595 1942 penitus
637 1860 891 1943 notum,
937 1860 992 1923 si
1034 1861 1350 1943 temptent
1393 1858 1684 1944 crimina,
1729 1881 1938 1924 serves
2063 1871 2131 1922 80

200 1942 458 2008 Tuteris
503 1963 583 2007 ue
624 1944 738 2007 tuo
782 1942 1082 2007 fidentem
1123 1942 1473 2028 praesidio:
1518 1944 1627 2028 qui

199 2027 418 2093 Dente
516 2026 795 2092 heonino
840 2048 984 2092 cum
1027 2027 1512 2093 circumroditur
1526 2076 1545 2112 ,
1590 2027 1814 2125 ecquid

199 2111 311 2175 Ad
351 2114 418 2176 te
459 2113 609 2195 post
649 2111 866 2196 paullo
908 2114 1176 2176 ventura
1216 2112 1500 2197 pericula
1541 2112 1783 2177 sentis?

200 2195 376 2262 Nam
418 2197 532 2259 tua
555 2215 659 2259 res
792 2195 949 2293 ‘tui-²
990 2196 1196 2279 paries
1240 2216 1385 2261 cum
1426 2196 1753 2280 proximus
1797 2196 2002 2280 ardet,

201 2278 294 2344 Et
336 2279 634 2364 neglecta
675 2299 745 2343 so
774 2281 884 2344 ent
923 2278 1219 2344 incendia
1259 2301 1506 2345 sumere
1548 2280 1733 2345 vires.
2061 2291 2127 2343 85

202 2362 431 2428 Dulcis
473 2362 819 2447 inexpertis
863 2363 1110 2428 cultura
1149 2363 1434 2447 potentis
1478 2364 1695 2449 amici;

200 2446 526 2530 Expertus
568 2447 815 2512 metuit.
905 2445 1033 2529 Tu,
1078 2447 1229 2512 dum
1269 2450 1384 2512 tua
1422 2448 1605 2513 navis
1648 2448 1717 2511 in
1760 2448 1985 2531 altost,

202 2530 350 2595 Hoc
396 2550 547 2615 age,
589 2552 673 2595 ne
716 2532 960 2595 mutata
1000 2532 1347 2596 retrorsum
1388 2533 1454 2596 te
1496 2531 1663 2596 ferat
1705 2552 1875 2596 aura.

204 2614 498 2680 Oderunt
538 2613 805 2679 hilarem
846 2614 1063 2679 tristes
1104 2614 1477 2697 tristemque
1518 2614 1749 2697 iocosi,

202 2696 511 2763 Sedatum
555 2698 818 2782 celeres,
951 2698 1096 2763 'em
1155 2721 1387 2764 navum
1437 2719 1516 2763 ue
1569 2698 1848 2783 remissi3
2061 2710 2131 2760 90

199 2780 475 2847 Potores
521 2780 747 2869 [bibuli
788 2803 890 2847 me
941 2782 954 2795 '
1040 2782 1118 2847 de
1160 2784 1350 2847 nocte
1448 2781 1648 2847 alerni

202 2863 516 2952 Oderunt]
561 2869 856 2950 porrecta
895 2868 1241 2951 negantem
1282 2866 1540 2951 pocula,
1586 2864 1876 2949 quamvis

198 2948 266 3015 N
269 2951 572 3014 octurnos
613 2949 783 3014 iures
824 2952 890 3014 te
930 2950 1271 3016 formidare
1313 2952 1589 3034 tepores.

198 3032 409 3098 Deme
450 3033 786 3118 supercilio
829 3034 1096 3100 nubem:
1139 3035 1510 3120 plerumque
1551 3033 1876 3100 modestus

201 3116 495 3202 Occupat
536 3117 790 3183 obscuri
831 3118 1138 3203 speciem,
1179 3118 1532 3183 taciturnus
1575 3117 1808 3183 acerbi.
2063 3128 2129 3179 95

197 3200 385 3266 Inter
425 3204 656 3266 cuncta
696 3202 872 3288 leges
916 3204 981 3267 et
1068 3203 1478 3268 ercontabere
1521 3201 1742 3267 doctos
1756 3251 1776 3286 ‚

200 3284 346 3361 Qua
385 3285 634 3350 ratione
678 3306 870 3369 queas
909 3289 974 3350 tr
1056 3307 1242 3351 ucere
1284 3287 1515 3351 leniter
1558 3307 1813 3369 aevum,

198 3368 380 3435 Num
419 3372 486 3434 te
528 3390 779 3455 semper
819 3370 1006 3455 inops
1049 3371 1250 3456 agitet
1298 3372 1605 3454 vexetque
1650 3368 1909 3453 cupido,

199 3451 379 3518 Num
420 3473 621 3536 pavor
663 3456 729 3518 et
767 3475 980 3519 rerum
1022 3454 1427 3521 mediocriter
1467 3454 1721 3519 utilium
1767 3473 1943 3537 spes,

198 3534 526 3603 Virtutem
570 3537 858 3604 doctrina
897 3542 1079 3624 paret
1118 3541 1431 3606 naturane
1475 3537 1698 3623 donet,
2035 3546 2133 3598 100

1727 3636 1828 3691 14*
