2588 4046
532 238 616 301 60
1290 243 1683 298 CARMINVM

533 417 598 465 25
705 405 860 469 Mox
900 405 1180 469 iuniores
1225 405 1473 488 quaerit
1515 404 1834 470 adulteros

700 488 878 554 Inter
919 489 1134 553 mariti
1175 488 1353 572 vina,
1398 509 1604 572 neque
1650 489 1831 586 eligit

787 572 908 638 Oui
952 572 1146 637 donet
1185 573 1567 656 inpermissa
1607 575 1842 656 raptim

882 655 1131 721 Gaudia
1173 657 1521 721 luminibus
1564 657 1856 740 remotis,

703 774 828 840 Sed
869 774 1043 838 iussa
1087 793 1301 839 coram
1356 795 1491 838 non
1532 774 1671 839 sine
1714 774 1967 838 conscio

533 871 599 920 30
702 857 922 944 Surgit
963 859 1192 922 marito
1205 908 1224 941 ‚
1271 880 1382 923 seu
1426 860 1614 922 vocat
1654 858 1911 922 institor

788 942 912 1008 Seu
953 943 1134 1006 navis
1178 942 1508 1026 Hispanae
1548 943 1883 1027 magister,

875 1025 1274 1091 Dedecorum
1318 1025 1633 1110 pretiosus
1678 1029 1943 1109 emptor.

700 1143 854 1210 Non
894 1143 996 1208 his
1038 1144 1332 1207 iuventus
1377 1146 1519 1207 orta
1560 1143 1930 1226 parentibus

701 1226 935 1292 Infecit
976 1247 1213 1310 aequor
1255 1228 1568 1324 sanguine
1611 1226 1855 1291 Punico

536 1324 599 1371 35
785 1310 1099 1395 Pyrrhum
1144 1333 1224 1376 ue
1267 1314 1334 1375 et
1373 1313 1703 1396 mgentem
1747 1310 1973 1408 cecidit

878 1396 1117 1460 Antioc
1163 1418 1272 1459 um
1316 1395 1868 1478 Hannibalemque
1912 1395 2157 1481 dirum3

703 1512 828 1578 Sed
869 1514 1250 1578 rusticorum
1293 1512 1576 1577 mascula
1617 1513 1894 1576 militum

701 1597 953 1680 Proles,
999 1596 1270 1662 Sabellis
1316 1596 1504 1661 docta
1547 1596 1871 1681 ligonibus

785 1679 1056 1746 Versare
1099 1681 1360 1766 glaebas
1406 1683 1471 1744 et
1512 1701 1766 1745 severae

534 1780 598 1826 40
879 1764 1106 1829 Matris
1151 1765 1231 1829 ad
1276 1764 1609 1828 arbitrium
1650 1765 1886 1830 recisos

701 1883 965 1947 Portare
1008 1883 1236 1965 fustes,
1283 1884 1381 1946 sol
1423 1882 1535 1946 ubi
1576 1882 1892 1946 montium

702 1966 983 2031 Mutaret
1024 1967 1281 2031 umbras
1328 1969 1392 2031 et
1432 1965 1586 2052 iuga
1630 1966 1908 2031 demeret

786 2050 1004 2115 Bobus
1049 2051 1335 2136 fatigatis
1381 2051 1654 2116 amioum

880 2134 1155 2219 Tempus
1199 2157 1398 2221 agens
1441 2135 1713 2200 abeunte
1758 2155 1963 2201 curru.

535 2265 600 2314 45
703 2252 1032 2317 Damnosa
1075 2253 1227 2335 quid
1268 2273 1403 2317 non
1443 2253 1744 2317 inminuit
1786 2251 1967 2318 dies?

701 2338 899 2401 Aetas
942 2339 1309 2420 parentum,
1354 2338 1533 2421 peior
1577 2336 1741 2419 avis,
1783 2335 1935 2400 tulit

784 2419 923 2486 Nos
963 2421 1329 2504 nequiores,
1374 2441 1524 2484 mox
1568 2420 1827 2484 daturos

877 2503 1261 2589 Progeniem
1304 2504 1717 2570 vitiosiorem.

1413 2760 1570 2836 VH.

703 2889 870 2967 Quid
910 2890 1057 2975 flea,
1100 2892 1381 2976 Asterie,
1427 2913 1615 2975 quem
1657 2892 1777 2955 tibi
1822 2891 2074 2957 candidi

700 2973 915 3038 Primo
960 2975 1300 3040 restituent
1340 2996 1488 3040 vere
1532 2975 1798 3041 Favonii

785 3057 1013 3141 Thyna
1053 3080 1261 3124 merce
1306 3059 1594 3143 beatum,

880 3141 1251 3207 Constantis
1296 3144 1587 3208 iuvenem
1629 3143 1752 3209 fide
1765 3193 1785 3228 ‚

532 3272 562 3322 5
699 3258 976 3343 Gygen?
1064 3259 1182 3324 Ille
1225 3259 1417 3326 Notis
1461 3264 1641 3326 aetus
1684 3262 1765 3325 ad
1810 3260 2067 3325 Oricum

700 3341 856 3408 Post
897 3342 1129 3407 insana
1171 3343 1417 3441 Caprae
1461 3345 1669 3409 sidera
1711 3344 1977 3429 frigidas

783 3429 1017 3491 Noctes
1058 3448 1195 3491 non
1238 3449 1376 3492 s1ne
1418 3428 1636 3493 multis

874 3509 1197 3575 Insomnis
1241 3511 1520 3577 lacrimis
1565 3512 1719 3598 agit.
