2588 4046
471 262 512 322 8
1247 261 1642 319 CARMINVM
2246 262 2399 335 [vn.

471 440 538 491 25
602 427 769 504 ‘Quo
812 447 931 491 nos
973 447 1242 510 cumque
1285 427 1452 490 feret
1491 426 1717 491 melior
1759 423 2016 489 fortuna
2056 427 2351 508 parente,

682 511 955 594 Ibimus,
1001 533 1038 575 o
1084 510 1241 576 socii
1287 510 1703 593 comitesque!

597 596 711 662 Nil
757 594 1216 679 desperandum
1238 594 1482 660 Teucro
1527 595 1683 658 duce
1727 595 1792 657 et
1832 594 2087 677 auspice
2117 591 2397 659 Teucro:

685 678 910 746 Certus
957 680 1126 743 enim
1169 678 1466 763 promisit
1505 678 1772 762 Apollo,

598 814 791 878 Ambi
883 835 986 877 am
1028 814 1254 878 tellure
1296 834 1463 878 nova
1506 812 1832 878 Salamina
1872 811 2168 875 futuram.

473 911 542 961 80
689 897 744 962 Ο
818 900 987 962 ortes
1030 897 1371 981 peioraque
1414 897 1589 981 passi

599 981 853 1047 Mecum
896 1003 1085 1066 saepe
1127 981 1275 1064 viri,
1319 1002 1493 1046 nunc
1534 980 1684 1045 vino
1727 980 1944 1064 pellite
1988 999 2200 1062 curas3

684 1064 842 1132 Cras
885 1066 1113 1152 ingens
1156 1065 1525 1131 iterabimus
1569 1072 1849 1149 aequor!

1331 1337 1524 1413 Vm.

598 1469 826 1554 Lydia,
874 1469 1007 1552 dic,
1050 1490 1165 1553 per
1208 1489 1429 1533 omnes

684 1554 776 1619 Te
820 1553 971 1618 deos
1015 1573 1156 1636 oro,
1203 1552 1477 1636 Sybarin
1519 1574 1630 1618 cur
1671 1572 1971 1636 properes
2017 1550 2287 1616 amando

600 1637 898 1722 Perdere3
945 1659 1056 1703 cur
1097 1637 1383 1722 apricum

687 1721 909 1788 Oderit
951 1743 1274 1806 campum,
1319 1721 1569 1805 patiens
1611 1720 1888 1805 pulveris
1932 1722 2120 1804 atque
2165 1719 2367 1785 solis?

470 1871 507 1920 5
603 1856 735 1924 Cur
776 1878 982 1940 neque
1023 1856 1329 1922 militares

684 1941 861 2005 Inter
904 1941 1196 2025 aequales
1241 1939 1511 2038 equitat,
1558 1938 1805 2005 Gallica
1846 1960 1965 2004 nec
2008 1938 2241 2022 lupatis

609 2026 952 2110 Temperat
994 2046 1107 2090 ora
1149 2025 1392 2090 frenis?

687 2109 817 2176 Cur
858 2109 1043 2174 timet
1067 2109 1301 2173 flavum
1332 2108 1613 2173 Tiberim
1641 2108 1949 2194 tangere?
1999 2106 2128 2174 Cur
2157 2108 2395 2175 olivum

602 2243 928 2328 Sanguine
971 2243 1256 2339 viperino
2281 2326 2294 2339 ι

475 2340 543 2391 ιο
691 2326 952 2393 Cautius
996 2329 1183 2410 V1tat,
1228 2348 1433 2411 neque
1474 2328 1605 2392 iam
1648 2326 1843 2391 livida
1884 2329 2095 2412 gestat
2138 2348 2329 2391 armls

598 2412 923 2491 Bracchia,
947 2431 1134 2495 saepe
1179 2411 1384 2494 disc0,

687 2495 886 2580 Saepe
927 2498 1104 2559 trans
1147 2495 1341 2560 finem
1384 2496 1590 2560 iaculo
1634 2495 1871 2560 nobilis
1917 2493 2254 2578 expedito?

602 2629 769 2706 Quid
812 2631 968 2694 latet
1044 2633 1119 2694 ut
1158 2630 1441 2695 marinae

685 2714 921 2778 Filium
965 2679 1185 2779 ‹iicunt
1226 2714 1515 2779 Thetidis
1560 2714 1677 2779 sub
1722 2712 2059 2778 lacrimosa
2103 2711 2330 2778 Troiae

477 2811 539 2860 15
600 2798 878 2881 Funera,
921 2820 1005 2863 ne
1048 2798 1248 2863 virilis
1731 2801 1738 2808 ‘

685 2880 909 2948 Cultus
938 2882 1009 2946 in
1038 2883 1296 2948 caedem
1325 2886 1390 2946 et
1416 2883 1643 2965 Lycias
1680 2882 2037 2967 proriperet
2062 2882 2398 2945 catervas?>

597 3284 795 3364 Vides
837 3287 911 3349 ut
952 3286 1085 3349 alta
1129 3288 1256 3350 stet
1297 3286 1445 3350 nive
1489 3286 1832 3382 candidum

598 3365 859 3437 Soracte
874 3419 892 3452 ,
912 3435 917 3440 ,
938 3390 1058 3434 nec
1082 3369 1228 3456 fiam
1262 3370 1635 3458 sustineant
1677 3391 1838 3436 onus

686 3453 898 3519 Silvae
937 3454 1331 3533 laborantes,
1376 3451 1649 3552 gejuque

774 3537 1072 3603 Flumina
1113 3538 1520 3603 constiterint
1561 3544 1770 3603 acuto.
