2588 4046
457 241 583 306 226
1156 240 1667 298 EPISTVLARVM
2301 241 2398 312 [n.

584 406 891 472 Ludentis
935 406 1217 490 speciem
1260 405 1441 469 dabit
1482 405 1549 469 et
1589 403 2016 488 torquebitur,
2062 404 2135 467 ut
2179 403 2291 486 qui

461 505 559 554 125
588 491 780 556 Nunc
811 490 1138 573 Satyrum,
1182 510 1356 554 nunc
1518 491 1717 553 estem
1754 487 2039 572 Cyclopa
2079 490 2396 551 movetur.

585 575 1002 640 Praetulerim
1048 574 1322 656 scriptor
1365 573 1443 637 de
1475 574 1487 586 '
1642 572 1814 636 iners
1858 593 1937 636 ue
1978 570 2212 652 videri,

586 658 759 723 Dum
800 679 944 723 mea
986 657 1306 722 delectent
1331 658 1505 721 mala
1545 677 1648 720 me
1676 656 1779 720 vel
1868 656 1970 719 eni
2016 677 2096 719 ue
2140 655 2395 736 fallant,

590 742 796 819 Quam
825 762 1045 825 sapere
1077 743 1143 806 et
1181 741 1401 825 ringi?
1450 740 1602 805 Fuit
1637 739 1808 803 haud
1836 740 1990 825 igno
2038 739 2143 804 ilis
2177 738 2399 824 Argis,

590 826 715 901 Qui
758 847 826 890 se
870 825 1166 891 credebat
1205 825 1404 889 miros
1446 823 1664 889 audire
1705 823 2044 908 tragoedos

466 924 565 974 130
593 911 673 975 In
714 931 911 975 vacuo
956 910 1159 974 laetus
1204 930 1413 973 sessor
1453 909 1833 992 plausorque
1876 908 2159 991 theatro,

593 994 820 1060 Cetera
862 994 972 1077 qui
1014 994 1181 1058 vitae
1227 997 1507 1058 servaret
1546 992 1767 1056 munia
1808 994 1983 1056 recto

591 1079 800 1163 More,
844 1078 1051 1142 bonus
1096 1098 1250 1142 sane
1292 1077 1572 1161 vicinus,
1621 1076 1914 1140 amabilis
1957 1075 2224 1160 hospes,

594 1161 809 1228 Comis
851 1161 920 1226 in
960 1182 1254 1243 uxorem,
1298 1163 1518 1245 posset
1560 1161 1669 1245 qui
1714 1161 2044 1245 ignoscere
2087 1160 2294 1224 servis

591 1246 680 1312 Et
723 1248 909 1331 signo
953 1246 1126 1311 laeso
1168 1266 1304 1310 non
1345 1245 1624 1310 insanire
1666 1245 2004 1341 lagoenae,

469 1344 567 1394 135
597 1331 824 1395 Posset
865 1330 974 1414 qui
1016 1351 1239 1413 rupem
1283 1331 1349 1394 et
1389 1332 1652 1413 puteum
1694 1331 1895 1393 utare
1936 1330 2304 1411 patentem:

592 1414 719 1479 Hic
761 1415 871 1477 ubi
915 1418 1335 1498 cognatorum
1379 1413 1604 1496 opibus
1650 1412 1940 1496 curisque
1982 1412 2262 1477 refectus

592 1498 859 1582 Expulit
900 1498 1180 1562 elleboro
1223 1498 1520 1563 morbum
1563 1497 1879 1580 bilemque
1920 1517 2172 1561 meraco
2185 1545 2204 1578 ,

594 1581 683 1647 Et
724 1582 891 1646 redit
934 1582 1015 1645 ad
1058 1603 1196 1647 sese
1242 1582 1376 1665 ‘pol
1385 1630 1404 1665 ,
1448 1602 1552 1646 me
1598 1581 1949 1663 occidistis,
1993 1580 2214 1662 amici,

594 1666 748 1731 Non
790 1666 1114 1730 servastis'
1160 1665 1277 1749 ait,
1327 1665 1452 1730 ‘cui
1497 1664 1588 1730 sic
1631 1667 1880 1729 extorta
1919 1665 2215 1748 voluptas

473 1763 572 1814 140
599 1750 688 1815 Et
730 1750 1023 1833 demptus
1065 1770 1180 1834 per
1220 1751 1352 1814 vim
1394 1749 1628 1814 mentis
1671 1748 2072 1832 gratissimus
2117 1755 2350 1812 error.’

595 1834 917 1899 Nimirum
960 1836 1245 1917 saperest
1287 1833 1551 1898 abiectis
1592 1833 1750 1898 utile
1791 1833 2013 1918 nugis,

596 1919 685 1985 Et
725 1919 1169 2002 tempestivum
1211 1917 1426 2001 pueris
1471 1917 1815 1982 concedere
1858 1917 2105 1998 ludum,

597 2004 697 2068 Ac
738 2023 873 2069 non
913 2001 1107 2068 verba
1150 2002 1330 2087 sequi
1377 2001 1607 2067 fidibus
1649 2001 2034 2067 modulanda
2076 2000 2363 2084 Latinis,

600 2087 725 2152 Sed
766 2109 950 2152 verae
991 2108 1417 2171 numerosque
1458 2087 1807 2170 modosque
1846 2086 2122 2151 ediscere
2167 2087 2361 2151 vitae.

474 2184 572 2234 145
603 2171 914 2246 Quocirca
941 2192 1190 2236 mecum
1218 2172 1445 2254 loquor
1486 2171 1644 2236 haec
1682 2171 2039 2254 tacitusque
2067 2171 2405 2236 recordor:

600 2255 669 2320 Si
710 2255 829 2320 tibi
871 2256 1051 2319 nulla
1094 2256 1266 2320 sitim
1309 2255 1524 2320 finiret
1566 2254 1752 2339 copia
1794 2255 2123 2339 lymphae,

600 2338 663 2403 N
668 2360 910 2404 arrares
953 2339 1246 2404 medicis:
1292 2338 1491 2423 quod,
1536 2341 1772 2423 quanto
1816 2340 1999 2422 plura
2040 2341 2320 2422 parasti,

604 2421 811 2488 Tanto
854 2424 1040 2506 plura
1082 2424 1289 2507 cupis,
1334 2423 1580 2488 nulline
1622 2422 1877 2487 faterier
1919 2422 2157 2487 audes?

602 2505 673 2572 Si
715 2508 942 2572 volnus
985 2508 1105 2573 tibi
1147 2510 1502 2572 monstrata
1542 2506 1754 2573 radice
1796 2507 1898 2572 vel
1939 2506 2138 2571 herba

474 2604 575 2656 150
602 2591 756 2657 Non
797 2592 977 2656 fieret
1017 2592 1246 2676 levius,
1292 2592 1549 2677 fugeres
1590 2591 1804 2656 radice
1845 2591 1947 2656 vel
1988 2591 2191 2656 herba

600 2675 982 2741 Proficiente
1022 2675 1188 2741 nihil
1231 2677 1535 2741 curarier:
1583 2676 1897 2759 audieras,
1943 2676 2046 2740 cui

600 2759 764 2825 Rem
807 2760 872 2824 di
916 2761 1253 2844 donarent,
1299 2761 1396 2824 illi
1439 2760 1739 2826 decedere
1782 2781 2043 2843 pravam

603 2844 983 2930 Stultitiam3
1030 2846 1120 2928 et,
1168 2866 1312 2910 cum
1356 2845 1444 2910 sis
1485 2844 1689 2909 nihilo
1735 2844 2107 2927 sapientior,
2156 2867 2234 2909 ex
2282 2866 2411 2929 quo

600 2927 860 2993 Plenior
905 2949 999 3011 es,
1041 2931 1259 2992 tamen
1301 2929 1496 2994 uteris
1538 2927 1959 2993 monitoribus
2002 2927 2253 2993 isdem?

478 3025 575 3075 155
604 3012 697 3075 At
738 3013 794 3076 si
839 3012 1092 3077 divitiae
1134 3011 1512 3110 prudentem
1554 3012 1814 3077 reddere
1856 3014 2147 3097 possent,

604 3095 674 3160 Si
702 3096 1000 3179 cupidum
1029 3095 1445 3179 timidumque
1472 3097 1684 3161 minus
1721 3100 1817 3161 te:
1861 3117 2091 3180 nempe
2119 3097 2411 3182 tuberes,

603 3179 865 3244 Viveret
905 3181 974 3243 in
1016 3181 1203 3245 terris
1246 3183 1313 3245 te
1357 3181 1554 3264 siquis
1600 3181 1847 3245 avarior
1889 3201 2038 3245 uno.

604 3263 673 3328 Si
715 3264 1134 3347 propriumst,
1180 3264 1352 3347 quod
1394 3264 1535 3348 quis
1576 3265 1741 3329 libra
1777 3268 2091 3330 mercatur
2122 3267 2188 3330 et
2231 3286 2412 3352 aere,

605 3346 955 3431 Quaedam,
1002 3349 1057 3412 si
1101 3347 1304 3413 credis
1350 3349 1688 3433 consultis,
1733 3349 2054 3432 mancipat
2094 3371 2282 3416 usus:

482 3445 581 3495 160
609 3431 733 3506 Qui
774 3433 840 3496 te
880 3432 1089 3515 pascit
1130 3453 1310 3517 ager,
1354 3435 1501 3497 tuus
1546 3436 1671 3516 est,
1715 3436 1780 3496 et
1819 3433 2044 3498 vilicus
2091 3433 2282 3518 Orbi,

607 3514 771 3581 Cum
814 3518 1061 3600 segetes
1105 3520 1286 3581 occat
1328 3516 1448 3581 tibi
1488 3537 1639 3582 mox
1681 3516 2000 3581 frumenta
2044 3517 2339 3598 daturas,
