2588 4046
358 492 421 542 10

363 963 421 1014 15

356 1435 424 1484 20

358 1957 423 2006 25

359 2427 428 2479 30

1113 232 1504 289 CARMINVM

522 396 613 461 Et
655 396 959 480 quidquid
1001 417 1267 479 usquam
1313 394 1669 479 concipitur
1714 395 1892 459 nefas

528 481 876 564 Tractavit,
1038 502 1075 544 o
1122 481 1229 563 qui
1274 480 1499 544 statuit
1538 500 1681 544 meo

608 565 699 630 Te
741 566 924 629 triste
1001 566 1013 578 ‘
1107 587 1244 648 um,
1290 567 1356 628 te
1401 564 1705 628 caducum

698 648 778 714 In
823 649 1065 713 domini
1109 651 1300 733 caput
1343 648 1735 712 inmerentis.

524 783 689 859 Quid
734 784 999 881 quisque
1043 783 1230 866 vitet,
1274 802 1623 866 numquam
1666 781 1913 845 homini
1957 782 2115 846 satis

525 867 861 932 Cautumst
901 889 971 931 m
1013 868 1234 931 horas:
1290 867 1506 931 navita
1540 866 1945 951 Bosphorum

617 952 714 1016 Th
803 973 878 1016 us
920 951 1348 1035 perhorrescit
1389 971 1594 1033 neque
1637 954 1806 1014 ultra

758 1057 906 1101 aeca
948 1037 1211 1119 timetve
1254 1035 1507 1100 aliunde
1550 1034 1683 1098 fata
1692 1083 1711 1117 ,

524 1171 712 1234 Miles
756 1170 1026 1256 sagittas
1074 1172 1138 1234 et
1180 1170 1450 1234 celerem
1492 1169 1714 1254 fugam

524 1254 775 1337 Parthi,
820 1257 1073 1319 catenas
1116 1253 1391 1318 Parthus
1437 1256 1502 1318 et
1542 1252 1776 1317 Italum

608 1338 854 1423 Robur3
902 1338 1012 1403 sed
1055 1339 1382 1422 inprovisa
1423 1337 1536 1402 leti

704 1420 821 1487 Vis
864 1422 1077 1506 rapuit
1114 1423 1442 1506 rapietque
1485 1423 1730 1507 gentes,

526 1557 731 1632 Quam
772 1577 974 1641 paene
1016 1557 1235 1622 furvae
1276 1577 1477 1642 regna
1519 1555 1937 1640 Proserpinae

524 1640 613 1706 Et
655 1641 1038 1705 iudicantem
1082 1640 1355 1705 vidimus
1398 1641 1682 1705 Aeacum

610 1724 804 1791 Sedes
848 1747 928 1790 ue
973 1724 1275 1789 discretas
1319 1724 1570 1808 piorum
1615 1726 1679 1788 et

702 1747 946 1873 Aegliis
990 1808 1219 1873 fidibus
1264 1811 1628 1892 querentem

528 1943 783 2029 Sappho
827 1943 1057 2028 puellis
1102 1943 1180 2007 de
1221 1943 1635 2028 popularibus

526 2029 615 2093 Et
655 2032 719 2093 te
764 2031 1097 2093 sonantem
1138 2029 1390 2111 plenius
1433 2049 1652 2112 aure0,

609 2113 875 2196 Alcaee,
965 2113 1162 2177 lectro
1209 2112 1366 2177 dura
1407 2113 1588 2177 navis

703 2196 879 2261 Dura
992 2217 1111 2282 gae
1155 2197 1352 2281 mala,
1399 2197 1554 2261 dura
1596 2161 1766 2262 belli.

526 2331 879 2415 Vtrumwe
925 2351 1102 2395 sacro
1149 2331 1215 2395 di
1308 2353 1346 2395 a
1389 2331 1642 2396 silentio

532 2415 848 2480 Mirantur
889 2415 1148 2479 umbrae
1236 2415 1428 2500 icere3
1476 2416 1586 2479 sed
1628 2415 1833 2501 magis

609 2499 707 2564 Pu
799 2520 867 2563 as
911 2502 976 2563 et
1019 2502 1271 2563 exactos
1314 2503 1620 2582 tyrannos

768 2605 989 2648 ensum
1030 2584 1264 2648 umeris
1307 2583 1473 2647 bibit
1513 2605 1663 2648 aure
1707 2584 1951 2667 volgus.

530 2719 697 2795 Quid
737 2719 996 2801 mirum,
1040 2717 1150 2781 ubi
1191 2718 1321 2781 illis
1366 2717 1749 2782 carminibus
1794 2720 2055 2800 stupens

527 2803 826 2868 Demittit
869 2807 1039 2867 atras
1082 2801 1269 2865 belua
1314 2802 1633 2885 centiceps

618 2887 854 2969 Aures,
900 2890 965 2950 et
1006 2886 1229 2949 intorti
1273 2886 1518 2969 capillis

704 2970 1130 3035 Eumenidum
1171 2972 1537 3034 recreantur
1579 2969 1861 3055 angues?

530 3106 701 3181 Quin
743 3108 808 3169 et
848 3102 1264 3169 Prometheus
1310 3107 1377 3169 et
1416 3103 1671 3188 Pelopis
1714 3124 1943 3189 parens

531 3189 721 3253 Dulci
763 3189 1044 3253 laborem
1096 3188 1409 3273 decipitur
1451 3209 1610 3253 sono
1625 3237 1645 3272 ,
1770 3193 1821 3200 “’
1858 3195 1871 3199 ”

614 3273 679 3339 N
683 3294 753 3338 ec
796 3276 973 3337 curat
1016 3272 1217 3337 Orion
1259 3273 1476 3337 leones

703 3357 837 3421 Aut
878 3356 1137 3421 timidos
1182 3357 1423 3441 agitare
1466 3356 1703 3441 lyncas.

2119 233 2306 305 [XIII.
