2588 4046
440 258 558 321 140
1190 255 1614 313 sAmARVM
2274 255 2368 329 [V.

316 340 362 385 ο

565 420 908 505 Certatim,
1001 420 1264 485 tandem
1307 421 1515 485 fessus
1560 419 1834 484 dormire
1882 418 2087 484 viator

563 505 827 590 Incipit,
873 526 946 570 ac
989 505 1221 570 missae
1263 507 1519 588 pastum
1560 503 1913 568 retinacula
1952 504 2161 568 mulae

563 589 779 655 Nauta
820 589 884 674 p'
934 610 1002 653 er
1046 610 1199 653 saxo
1240 589 1472 673 religat
1515 587 1848 671 stertitque
1892 587 2176 671 supinus.

440 687 507 737 20
568 673 830 771 Iamque
865 610 1008 737 1<fies
1053 672 1300 755 aderat,
1343 672 1438 735 nil
1482 693 1627 737 cum
1669 671 2011 755 procedere
2054 670 2317 735 lintrem

567 756 888 823 Sentimus
903 805 923 841 ,
969 756 1171 821 donec
1215 756 1584 821 cerebrosus
1627 755 1882 839 prosilit
1921 775 2086 820 unus

565 843 664 906 Ac
706 842 915 906 mulae
956 843 1314 923 nautaeque
1358 842 1550 925 caput
1591 839 1967 923 lumbosque
2011 839 2265 924 saligno

566 925 760 990 Fuste
804 924 1005 989 dolat:
1053 927 1277 1008 quarta
1319 924 1426 988 vix
1468 924 1722 987 demum
1765 923 2140 1021 exponimur
2191 922 2375 987 hora.

571 1010 699 1074 Ora
738 1029 1089 1092 manusque
1130 1011 1244 1072 tua
1285 1008 1586 1091 lavimus,
1629 1007 1933 1091 Feroma,
1977 1006 2274 1091 lympha3

441 1105 507 1155 25
570 1093 755 1157 Milia
795 1096 933 1157 tum
973 1092 1192 1175 pransi
1235 1092 1360 1156 tria
1399 1093 1680 1176 repimus
1725 1094 1915 1174 atque
1959 1091 2248 1156 subimus

567 1176 925 1260 Inpositum
969 1176 1137 1241 saxis
1187 1176 1316 1241 late
1360 1175 1777 1242 candentibus
1820 1176 2068 1241 Anxur.

569 1260 714 1325 Huc
757 1263 1059 1325 venturus
1103 1262 1239 1324 erat
1280 1259 1617 1325 Maecenas
1663 1259 1941 1344 optimus
1984 1261 2174 1343 atque

570 1344 905 1428 CocceiuS,
950 1344 1130 1408 missi
1170 1344 1425 1429 magnis
1470 1344 1548 1409 de
1589 1343 1780 1409 rebus
1822 1346 2088 1427 uterque

569 1428 794 1513 Legati
809 1476 829 1512 ,
874 1448 1126 1493 aversos
1169 1428 1344 1493 soliti
1388 1447 1750 1513 conponere
1794 1428 2053 1493 amicos.

444 1525 512 1574 ao
573 1511 701 1576 Hic
744 1512 945 1578 oculis
989 1532 1110 1597 ego
1205 1512 1220 1526 ‘
1383 1512 1543 1577 meis
1588 1511 1850 1597 collyria
1894 1512 2104 1596 lippus

570 1596 876 1681 Inlinere3
921 1597 1166 1661 interea
1266 1616 1530 1661 aecenas
1575 1596 1832 1661 advenit
1875 1597 2064 1680 atqw

563 1680 906 1765 Cocceius,
952 1680 1303 1764 Capitoque
1347 1680 1536 1745 simul
1577 1680 1915 1765 Fonteius,
1969 1680 2049 1743 ad
2092 1701 2378 1765 unguem

569 1764 804 1830 Factus
832 1763 1026 1828 homo
1085 1764 1337 1829 Antoni
1395 1786 1529 1830 non
1555 1766 1630 1830 ut
1655 1786 1722 1828 m
1812 1765 1827 1778 ‘
1893 1764 2053 1829 alter
2112 1765 2379 1830 amicus·

571 1848 830 1913 Fundos
872 1812 1129 1913 Aufidio
1173 1812 1381 1914 Lusco
1424 1785 2034 1934 praetoreaffffenter
2061 1813 2081 1848 ²

449 1944 511 1995 85
577 1932 981 2017 Linquimus,
1025 1932 1239 1997 insani
1278 1933 1562 1998 ridentes
1604 1932 1887 2018 praemia
1929 1933 2202 2016 scribae,

573 2016 975 2082 Praetextam
1020 2019 1084 2083 et
1124 2017 1327 2083 latum
1363 2017 1611 2084 clavum
1652 2039 2015 2102 prunaeque
2057 2017 2379 2084 vatillum.

572 2101 654 2165 In
695 2100 1157 2166 Mamurrarum
1201 2103 1354 2167 lassi
1398 2102 1625 2167 deinde
1667 2102 1824 2167 urbe
1866 2124 2196 2166 manemus
2209 2151 2229 2186 ,

573 2185 843 2249 Murena
927 2185 1228 2250 raebente
1271 2185 1561 2270 domum,
1607 2185 1921 2271 Capitone
1965 2187 2266 2251 culinam.

574 2268 841 2333 Postera
908 2291 992 2333 ux
1035 2270 1239 2335 oritur
1278 2271 1481 2335 multo
1525 2270 1916 2355 gratissima:
1959 2292 2236 2355 namque

448 2365 517 2415 ιο
575 2352 822 2417 Plotius
867 2355 931 2418 et
971 2352 1202 2419 Varius
1248 2353 1583 2420 Sinuessae
1625 2353 1949 2440 Vergilius
1994 2377 2074 2419 ue

576 2435 963 2520 Occurrunt,
1007 2438 1287 2522 animae,
1332 2439 1552 2522 quales
1593 2459 1801 2522 neque
1845 2458 1964 2503 can
2014 2439 2246 2503 'diores

575 2519 773 2585 Terra
812 2521 990 2604 tulit,
1034 2542 1241 2606 neque
1284 2522 1427 2606 quis
1469 2542 1573 2587 me
1616 2522 1703 2586 sit
1745 2522 2099 2587 devinctior
2142 2523 2325 2587 alter.

578 2604 633 2669 O
678 2605 787 2688 qui
831 2604 1177 2689 conplexus
1223 2609 1288 2670 et
1328 2606 1564 2691 gaudia
1606 2609 1845 2690 quanta
1886 2606 2175 2672 fuerunt!

575 2688 689 2754 Nil
731 2709 852 2773 ego
888 2688 1274 2754 contulerim
1316 2690 1592 2755 iucundo
1637 2711 1830 2755 sanus
1875 2691 2102 2755 amico.

449 2784 515 2834 45
579 2772 878 2837 Proxima
920 2772 1248 2858 Campano
1292 2775 1480 2858 ponti
1561 2795 1679 2839 uae
1721 2774 1975 2858 villula,
2019 2777 2261 2839 tectum

576 2856 907 2938 Praebuit,
937 2859 1002 2921 et
1076 2857 1293 2923 arochi
1303 2907 1324 2941 ,
1354 2879 1514 2942 quae
1580 2859 1801 2943 ebent,
1832 2859 2012 2944 ligna
2034 2859 2384 2942 salemque.

574 2939 746 3005 Hinc
788 2941 945 3004 muli
1045 2963 1244 3026 apuae
1287 2943 1558 3007 clitellas
1601 2944 1889 3027 tempore
1985 2946 2208 3007 onunt.

574 3023 816 3088 Lusum
856 3024 910 3088 it
950 3024 1316 3110 Maecenas,
1362 3026 1705 3091 dormitum
1748 3048 1782 3090 e
1831 3048 1869 3091 o
1962 3025 2384 3112 ergiliusque:

575 3107 870 3192 Namque
911 3109 1046 3192 pila
1086 3110 1280 3194 lippis
1324 3109 1652 3174 inimicum
1696 3112 1762 3174 et
1829 3110 2019 3176 udere
2062 3110 2296 3176 crudis.

449 3203 518 3254 ⁶0
578 3191 752 3256 Hinc
794 3212 914 3256 nos
957 3191 1187 3258 Coccei
1229 3193 1460 3277 recipit
1498 3194 1871 3278 plenissima
1910 3195 2097 3278 viHa,

578 3275 754 3351 Quae
788 3297 977 3374 super
1009 3279 1108 3341 est
1129 3276 1332 3342 Caudi
1354 3299 1694 3362 cauponas.
1751 3277 1943 3344 Nunc
1964 3278 2123 3342 mihi
2157 3280 2385 3362 paucis

577 3357 894 3424 Sarmenti
938 3381 1188 3426 scurrae
1229 3382 1513 3447 pugnam
1555 3361 1877 3445 Messique
1921 3361 2145 3428 Cicirri

576 3443 764 3507 Musa
791 3444 982 3508 velim
1010 3465 1355 3528 memores,
1402 3447 1469 3509 et
1511 3466 1635 3528 quo
1681 3449 1863 3530 patre
1894 3449 2085 3510 natus
2113 3448 2386 3530 uterque

579 3526 939 3593 Contulerit
982 3528 1144 3594 lites.
1232 3527 1432 3593 Messi
1474 3530 1716 3595 clarum
1757 3551 1964 3616 genus
2008 3529 2187 3616 Osci3
