2588 4046
450 250 572 315 184
1018 250 1445 307 sA'rmARvn
1486 249 1704 306 ΜΒΕΒ
1744 249 1817 308 11.
2180 248 2362 323 [vm]
2409 239 2412 256 ‘

571 414 773 480 Filius
815 413 1172 478 inmaturus
1215 413 1485 495 obisset,
1528 412 1698 477 flere.
1787 410 1943 488 Quis
1989 413 2158 476 esset

446 513 514 563 oo
570 498 779 581 Finis,
824 498 895 561 ni
940 496 1194 580 sapiens
1237 497 1333 560 sic
1373 495 1823 562 Nomentanus
1864 496 2142 561 amicum

438 619 448 629 ·
572 581 883 647 Tolleret:
930 580 1107 663 ‘heu‚
1151 578 1466 661 Fortuna,
1555 580 1657 645 uis
1690 582 1791 644 est
1816 579 2132 644 crudelior
2158 578 2232 642 in
2256 599 2367 643 nos

572 665 664 730 Te
708 664 907 729 deus?
972 663 1065 728 Vt
1107 684 1359 747 semper
1396 684 1527 748 gau
1572 684 1639 727 es
1681 662 1968 727 inludere
2010 662 2200 727 rebus

572 748 889 815 Humanis
902 749 944 814 Ρ
1011 746 1242 813 Varius
1285 767 1525 831 mappa
1568 766 1947 830 conpescere
1988 747 2191 811 risum

572 832 701 897 Vix
742 834 1010 917 poterat.
1096 830 1356 895 Balatro
1396 852 1508 895 sus
1556 830 1794 895 endens
1837 830 2055 898 omnia
2092 850 2253 895 naso

451 931 516 981 65
577 915 779 982 ‘Haec
822 918 920 981 est
961 913 1252 981 condicio
1294 914 1485 980 viven
1534 916 1573 951 '³
1617 914 1855 998 aiebat,
1902 920 2127 999 ‘eoque

573 1000 984 1085 Responsura
1022 1001 1136 1063 tuo
1178 1001 1591 1082 numquamst
1630 1019 1749 1082 par
1789 999 1963 1063 fama
2003 997 2227 1062 labori.

577 1083 781 1167 Tene,
825 1086 898 1147 ut
939 1103 1061 1169 ego
1104 1083 1381 1167 accipiar
1422 1082 1623 1167 laute,
1665 1082 2020 1167 torquerier
2063 1082 2239 1147 omni

579 1166 1021 1233 Sollicitudine
1064 1166 1454 1250 dish-ictum,
1494 1187 1581 1231 ne
1622 1167 1808 1251 panis
1848 1166 2139 1249 adustam,

577 1252 678 1318 Ne
720 1252 889 1316 male
933 1250 1260 1316 conditum
1304 1251 1402 1316 ius
1446 1251 1833 1335 adponam,
1877 1253 1950 1315 ut
1993 1270 2213 1314 omnes

452 1349 519 1400 70
581 1335 938 1401 Praecincti
971 1337 1150 1399 recte
1193 1335 1377 1418 pueri
1420 1335 1659 1418 compti
1702 1355 1782 1400 ue
1821 1332 2231 1399 ministrent?

577 1419 764 1484 Adde
805 1419 926 1484 hos
968 1420 1300 1503 praeterea
1342 1439 1558 1502 casus,
1600 1440 1639 1483 a
1708 1439 1823 1484 aea
1861 1421 2055 1483 ruant
2094 1419 2181 1500 si,

577 1503 671 1569 Vt
710 1503 934 1601 modo,
975 1503 1035 1567 si
1074 1502 1365 1587 patinam
1534 1524 1568 1568 e
1609 1503 1827 1587 lapsus
1868 1503 2129 1587 iii-angat
2165 1522 2376 1586 agaso.

579 1586 706 1653 Sed
751 1587 1207 1663 convlvatoris‚
1251 1586 1348 1651 uti
1434 1587 1599 1671 ucis,
1643 1587 1975 1672 ingenium
2017 1607 2120 1650 res

578 1670 902 1737 Adversae
943 1671 1185 1737 nudare
1229 1672 1467 1754 solent,
1523 1671 1728 1736 celare
1771 1670 2128 1736 secundae?

454 1767 519 1818 “15
585 1754 971 1821 Nasidienus
999 1755 1083 1819 ad
1110 1755 1298 1821 haec:
1331 1755 1473 1820 ‘tibi
1504 1755 1597 1839 di,
1629 1775 2058 1839 quaecumque
2085 1756 2380 1838 preceris,
2554 1725 2560 1814 i

581 1838 934 1905 Commoda
955 1838 1137 1905 dent:
1167 1839 1260 1904 ita
1284 1839 1385 1903 vir
1413 1839 1618 1904 bonus
1647 1860 1715 1904 es
1739 1839 2128 1922 convivaque
2153 1837 2378 1915 comis'3

581 1922 671 1989 Et
713 1924 917 1987 soleas
959 1923 1187 2007 poscit.
1275 1922 1441 1988 Τωιι
1483 1924 1554 1988 in
1595 1924 1760 1989 lecto
1806 1942 2056 2007 quoque
2097 1922 2342 1987 videres

585 2006 865 2074 Str-idere
905 2009 1153 2073 secreta
1193 2006 1434 2072 divisos
1476 2029 1629 2074 aure
1670 2013 2008 2074 susurros?

583 2090 837 2156 ‘Nullos
879 2090 981 2156 his
1024 2091 1284 2156 mallem
1326 2091 1510 2156 ludos
1554 2095 1905 2176 spectasse3
1948 2091 2063 2156 sed
2106 2092 2219 2156 illa

456 2188 524 2240 80
586 2174 834 2257 Redde,
878 2196 1027 2260 age,
1071 2196 1233 2259 quae
1262 2175 1561 2274 deinceps
1588 2175 1834 2241 risisti:
1885 2174 2206 2240 ‘Vibidius
2234 2174 2383 2239 dum

582 2259 845 2335 Quaerit
872 2258 951 2324 de
978 2260 1221 2344 pueris,
1264 2280 1422 2323 num
1448 2260 1536 2324 sit
1564 2280 1814 2343 quoque
1846 2259 2052 2324 stacta
2093 2259 2381 2344 lagoena,

585 2341 768 2418 Quod
812 2343 935 2407 sibi
975 2342 1269 2428 poscenti
1310 2363 1446 2407 non
1487 2343 1720 2407 dantur
1760 2343 2021 2427 pocula,
2069 2344 2344 2428 dumque

582 2426 851 2492 Ridetur
889 2427 1057 2491 fictis
1097 2448 1312 2492 rerum
1353 2422 1698 2491 Balatrone
1742 2427 2049 2512 secundo,

583 2509 931 2576 Nasidiene
943 2559 961 2594 ,
1006 2510 1176 2576 redis
1217 2512 1499 2575 mutatae
1541 2511 1803 2594 frontis,
1847 2514 1922 2576 ut
1962 2514 2098 2577 arte

458 2607 523 2657 85
586 2593 1055 2659 Emendaturus
1097 2594 1452 2680 fortunam3
1495 2594 1726 2659 deinde
1771 2595 1968 2660 secuti

584 2677 966 2742 Mazonomo
1007 2679 1189 2761 pueri
1226 2699 1470 2764 magno
1514 2678 1832 2763 discerpta
1872 2679 2149 2744 ferentes

584 2760 874 2827 Membra
914 2762 1092 2847 gruis
1132 2763 1339 2859 sparsi
1382 2762 1514 2827 sale
1556 2763 1789 2846 multo,
1831 2782 1969 2828 non
2010 2763 2148 2828 sine
2187 2763 2384 2847 fme,

645 2846 658 2859 '
804 2844 942 2911 'bus
984 2848 1051 2910 et
1090 2846 1229 2911 ficis
1270 2849 1527 2931 pastum
1566 2847 1742 2912 iecur
1782 2847 2025 2912 anseris
2067 2848 2275 2929 albae,

585 2929 676 2994 Et
742 2950 1004 3012 eperum
1048 2931 1329 3014 avulsos,
1373 2934 1448 2996 ut
1485 2930 1690 2995 multo
1734 2931 2016 3013 suavius,
2062 2951 2298 3012 armos,

459 3025 529 3076 90
591 3013 797 3089 Quam
811 3013 873 3079 si
895 3034 1040 3079 cum
1060 3014 1297 3079 lumbis
1326 3014 1467 3098 quis
1490 3014 1639 3080 edit.
1684 3014 1848 3079 Tum
1875 3017 2133 3099 pectore
2158 3013 2385 3078 adusto

585 3097 880 3165 Vidimus
910 3101 976 3163 et
1013 3099 1291 3164 merulas
1333 3099 1491 3182 puni
1516 3101 1585 3163 et
1627 3099 1766 3164 sine
1810 3099 1995 3164 clune
2036 3096 2385 3181 palumbes,

590 3180 826 3248 Suaves
867 3203 999 3266 res,
1045 3182 1102 3247 si
1141 3203 1278 3248 non
1321 3203 1543 3248 causas
1585 3186 1874 3248 narraret
1917 3203 2133 3246 eamm
2176 3184 2241 3245 et

585 3265 653 3332 N
655 3269 866 3333 aturas
910 3266 1234 3351 dominus,
1273 3287 1467 3350 quem
1509 3286 1630 3330 nos
1676 3266 1767 3331 sic
1807 3266 2092 3351 fugimus
2135 3264 2279 3347 ulti,

589 3349 683 3415 Vt
721 3350 885 3416 nihil
927 3350 1188 3415 omnino
1232 3353 1664 3436 gustaremus,
1705 3350 1884 3415 velut
1923 3350 2053 3414 illis

463 3447 529 3495 9⁶
594 3433 865 3500 Canidia
909 3434 1207 3500 adflasset
1246 3435 1427 3518 peior
1469 3434 1869 3519 serpentibus
1910 3434 2134 3498 Afris?
