2588 4046
438 244 564 310 234
1156 250 1669 307 EPISTVLARVM
2246 250 2374 324 [m.

567 412 913 497 Adspitare
958 414 1024 477 et
1067 412 1288 478 adesse
1335 412 1546 478 choris
1590 414 1725 478 erat
1764 413 1940 478 utilis
1984 415 2179 496 atque

439 509 539 560 205
569 497 874 563 Nondum
918 497 1125 581 spissa
1166 497 1359 562 nimis
1404 519 1525 563 con
1572 497 1701 562 lere
1745 497 1966 562 sedilia
2012 498 2197 582 flatu3

567 581 706 657 Quo
752 602 906 646 sane
948 582 1222 665 populus
1263 520 1678 646 numerabilis
1692 629 1712 665 ‚
1754 584 1978 665 utpote
2018 603 2289 666 parma,

564 664 653 731 Et
694 665 867 751 frugi
911 668 1244 750 castusque
1286 665 1802 749 verecundusque
1844 665 2076 730 coibat.

565 748 915 833 Postquam
958 750 1171 834 coepit
1199 771 1389 836 agros
1433 749 1767 815 extendere
1795 749 2027 833 victor,
2076 753 2142 814 et
2182 749 2375 815 urbes

565 832 785 898 Latior
828 834 1127 918 amplecti
1169 855 1418 919 murus,
1462 833 1738 917 vinoque
1783 832 2008 898 diurno
2202 860 2221 869 ‘

440 929 546 981 210
571 917 823 982 Placari
868 918 1107 983 Genius
1151 918 1335 983 festis
1377 918 1615 1002 inpune
1659 917 1911 1003 diebus3

568 1002 862 1067 Accessit
901 1003 1306 1100 numerisque
1349 1001 1681 1086 modisque
1728 1001 1988 1067 licentia
2028 1001 2256 1067 maior.

568 1085 872 1151 Indoctus
916 1086 1069 1170 quid
1112 1107 1283 1151 emm
1328 1088 1581 1170 saperet
1622 1086 1784 1150 liber
1827 1106 1905 1151 ue
1948 1085 2245 1151 laborum

566 1169 866 1235 Rusticus
908 1170 1151 1234 urbano
1197 1171 1532 1255 confusus,
1575 1170 1782 1254 turpis
1871 1169 2138 1234 onesto‘?

569 1253 675 1319 Sic
717 1255 963 1338 priscae
1004 1257 1374 1338 motumque
1419 1257 1483 1319 et
1525 1255 1836 1319 luxuriem
1878 1253 2122 1318 addidit
2165 1255 2293 1318 arti

441 1350 541 1400 215
572 1337 834 1403 Tibicen
878 1338 1196 1422 traxitque
1238 1360 1440 1424 vagus
1483 1359 1597 1422 per
1639 1337 1889 1423 pulpita
1928 1341 2199 1422 vestem3

569 1421 675 1487 Sic
719 1423 911 1487 etiam
954 1422 1185 1487 fidibus
1226 1444 1418 1488 voces
1462 1443 1712 1488 crevere
1757 1422 1991 1487 severis
2002 1471 2022 1507 ‚

565 1506 656 1572 Et
696 1507 846 1570 tulit
889 1507 1212 1590 eloquium
1254 1507 1586 1572 insolitum
1627 1507 1927 1572 facundia
1968 1527 2313 1591 praeceps,

567 1589 963 1688 Vtiliumque
1007 1612 1204 1676 sagax
1245 1612 1458 1656 rerum
1502 1594 1567 1655 et
1609 1591 1824 1656 divina
1863 1590 2063 1655 futuri

571 1673 906 1760 Sortilegls
948 1696 1081 1739 non
1128 1675 1475 1760 discrepuit
1518 1675 1835 1740 sententia
1877 1673 2170 1758 Delphis.

443 1770 546 1821 220
575 1757 873 1824 Carmine
918 1759 1027 1842 qui
1069 1760 1317 1844 tragico
1361 1761 1554 1824 vilem
1598 1758 1864 1824 certavit
1905 1759 1989 1823 ob
2031 1757 2318 1844 hircum,

568 1842 723 1907 Mox
766 1844 961 1915 etiam
1004 1847 1288 1929 agrestes
1333 1843 1593 1928 Satyros
1635 1842 1900 1908 nudavit
1942 1845 2007 1908 et
2048 1864 2236 1927 asper

568 1926 884 1991 Incolumi
926 1929 1240 2012 gravitate
1282 1928 1494 1993 iocum
1538 1927 1878 2012 temptavit
1919 1948 1993 1992 eo
2038 1927 2210 2011 quod

567 2010 891 2077 Illecebris
936 2014 1072 2077 erat
1114 2015 1180 2077 et
1219 2015 1405 2099 grata
1445 2011 1730 2077 novitate
1773 2011 2118 2077 morandus

570 2095 614 2161 S
662 2099 902 2160 ectator
943 2096 1322 2181 functusque
1367 2097 1562 2162 sacris
1592 2099 1656 2161 et
1696 2100 1888 2181 potus
1932 2099 1997 2161 et
2038 2097 2239 2161 exlex.

442 2190 543 2241 225
637 2200 812 2246 erum
856 2180 951 2244 ita
991 2181 1255 2265 risores,
1301 2181 1394 2245 ita
1438 2181 1877 2246 commendare
1922 2181 2171 2246 dicaces

570 2262 924 2329 Conveniet
967 2263 1228 2349 Satyros
1245 2313 1263 2347 ,
1308 2265 1402 2329 ita
1443 2267 1688 2330 vertere
1731 2265 1896 2329 seria
1937 2265 2087 2330 ludo
2101 2314 2121 2350 ,

568 2347 628 2413 N
636 2369 690 2432 e,
719 2348 1096 2496 {licumque
1126 2348 1300 2432 deuS‚
1331 2349 1710 2433 quicumque
1729 2348 2131 2415 adhibebitur
2158 2349 2375 2434 heros,

568 2431 750 2517 Rega
779 2432 793 2445 ‘
840 2453 993 2497 cons
1042 2436 1216 2498 ectus
1257 2434 1331 2497 in
1373 2454 1527 2499 auro
1569 2455 1775 2517 nuper
1818 2436 1881 2498 et
1921 2437 2126 2516 ostro,

568 2515 807 2600 Migret
847 2517 916 2580 in
959 2537 997 2580 o
1045 2518 1259 2581 scuras
1302 2516 1530 2582 humili
1572 2538 1861 2582 sermone
1903 2517 2231 2602 tabernas,

442 2611 546 2661 230
573 2600 735 2684 Aut,
782 2601 931 2665 dum
973 2601 1135 2665 vitat
1175 2601 1441 2666 humum
1452 2650 1471 2685 ,
1521 2601 1723 2665 nubes
1768 2604 1833 2666 et
1874 2601 2090 2665 inania.
2132 2605 2373 2686 captet.

570 2684 842 2749 Effutire
887 2685 1057 2749 leves
1103 2685 1369 2771 indigna
1409 2685 1742 2770 tragoedia
1782 2707 2030 2770 versus,

570 2768 663 2832 Vt
704 2769 886 2833 festis
928 2773 1220 2834 matrona
1260 2769 1504 2834 moveri
1545 2770 1720 2834 iussa
1764 2769 1985 2834 diebus
1995 2819 2013 2853 ,

570 2852 870 2918 Intererit
912 2852 1155 2937 Satyris
1197 2854 1482 2937 paullum
1523 2853 1894 2950 pudibunda
1933 2855 2269 2938 protervis.

570 2937 723 3003 Non
766 2957 886 3022 ego
930 2937 1226 3002 inornata
1269 2941 1334 3003 et
1376 2937 1771 3002 dommantia
1811 2938 2076 3003 nomina
2119 2939 2334 3004 solum

443 3030 543 3082 235
572 3021 941 3105 Verbaque,
984 3021 1280 3106 Pisones,
1327 3021 1413 3087 Sa
1517 3043 1699 3086 orum
1742 3023 2015 3106 scriptor
2057 3023 2324 3108 amab0,

570 3105 708 3171 Nec
753 3105 845 3170 sic
888 3102 1092 3170 enitar
1134 3109 1235 3170 tra
1286 3105 1380 3170 'co
1470 3106 1677 3171 ifferre
1721 3106 1950 3191 colori,

569 3189 663 3254 Vt
702 3189 867 3254 nihil
909 3190 1188 3275 intersit,
1298 3211 1533 3255 avusne
1576 3191 1874 3274 loquatur
1917 3194 1983 3256 et
2024 3192 2231 3256 audax

570 3272 836 3357 Pythias
850 3322 869 3357 ,
918 3277 1211 3338 emuncto
1255 3274 1502 3340 lucrata
1544 3273 1803 3361 Simone
1844 3275 2187 3360 talentum,

570 3358 678 3421 An
724 3360 939 3422 custos
982 3358 1383 3442 famulusque
1424 3358 1528 3423 dei
1571 3358 1823 3425 Silenus
1867 3360 2128 3425 alumni.

444 3451 546 3502 240
573 3439 675 3505 Ex
717 3443 876 3506 noto
921 3441 1148 3530 fictum„
1182 3463 1440 3508 carmen
1483 3464 1742 3527 sequar,
1787 3445 1861 3508 ut
1902 3444 2026 3509 sibi
2111 3444 2279 3509 nivis

572 3524 799 3609 Speret
842 3524 1042 3609 idem,
1090 3525 1272 3590 sudet
1315 3527 1587 3591 multum
1629 3528 1989 3610 frustraque
2031 3528 2095 3594 la-
2139 3532 2281 3594 oret
